2564 4628
673 323 701 369 'X

156 532 226 576 rem
249 528 322 573 esse
347 505 532 591 multaeque
552 504 650 569 molis
674 517 707 568 et
726 505 891 588 indaginis
912 516 946 574 et
968 502 1094 567 stadonis
1112 502 1227 577 nullus

156 627 312 714 negabit,
333 626 391 691 sed
410 621 563 708 quicquid
583 641 683 706 agere
705 633 836 706 oportet
855 632 890 683 et
909 620 1067 705 expedit,
1085 642 1152 684 uon
1173 622 1228 684 in-

154 744 353 830 dignandum
381 753 433 805 est
454 738 574 803 moliri.
616 739 777 825 Equidem
798 741 885 801 inter
902 736 969 801 alia
992 736 1133 802 Codices
1150 737 1227 803 Hc·

153 863 231 923 rarii
249 871 284 921 ct
298 859 405 921 Persii
425 877 602 941 eorumque
622 858 836 941 interpretum
853 857 998 941 priorum
1014 856 1225 921 saeculorum

153 989 187 1040 et
205 978 343 1060 scriptos
366 987 400 1038 ct
421 976 621 1058 impressos,
654 996 714 1057 per
734 975 861 1060 aliquot
880 995 984 1038 aureos
1006 971 1224 1056 proficiscens

151 1113 212 1176 per
233 1091 517 1176 Francogalliam,
538 1089 711 1175 Angliam,
733 1090 905 1174 Belgium,
923 1088 1133 1170 Helvetiam,
1155 1089 1225 1155 Ita·

81 1222 85 1227 ’
149 1207 247 1289 liam,
271 1210 389 1273 autad
411 1208 548 1274 verbum
575 1211 764 1274 exantiuuvi
784 1223 841 1273 aut
857 1230 917 1293 per
938 1221 1048 1294 partes
1072 1211 1226 1288 tractavi,

151 1339 218 1406 aut,
233 1325 289 1389 ubi
308 1347 349 1389 ue
366 1326 400 1389 id
417 1326 547 1409 quidem
565 1347 684 1409 operae
699 1330 840 1411 pretium
854 1325 948 1406 duxi,
966 1326 1083 1391 saltem
1095 1326 1226 1391 descri-

148 1445 213 1525 psi.
262 1441 364 1525 Atqui
397 1459 552 1521 maguum
573 1444 609 1505 in
626 1444 757 1507 modum
778 1443 915 1505 miratus
935 1462 999 1524 ego
1020 1463 1112 1522 sum,
1135 1444 1227 1505 auti·

149 1560 326 1642 quissimus
345 1555 450 1618 libros
472 1555 631 1639 plurimos
654 1579 760 1642 neque
777 1554 956 1635 adhibitos,
974 1575 1080 1637 neque
1097 1555 1226 1620 descri-

146 1686 223 1757 ptos
240 1673 306 1733 imo
328 1692 369 1733 ne
391 1673 543 1754 cognitos
564 1673 694 1755 quidem
714 1694 801 1737 esse.

232 1785 349 1862 Quoad
361 1786 500 1851 Codices
515 1786 600 1853 Mae.
616 1785 738 1872 duplici
759 1778 891 1853 ratione
907 1788 1068 1874 imprimis
1087 1793 1224 1873 peccari

147 1906 272 1970 soleta
295 1903 479 1978 uonuullis3
500 1906 640 1988 primum
660 1904 746 1989 quod
764 1926 823 1971 eos
847 1929 913 1973 non
935 1919 1024 1971 recte
1047 1905 1221 1988 adhibent,

147 2024 264 2087 deinde
287 2023 373 2108 quod
393 2044 509 2086 eorum
532 2042 614 2108 quos
635 2021 844 2091 adhibuerint
863 2028 1005 2111 pretium
1024 2023 1109 2089 male
1132 2021 1220 2089 defi·

147 2142 252 2202 niunt.
303 2137 441 2201 illorum
466 2139 610 2222 pessime
641 2153 763 2224 agunt,
790 2147 847 2227 qui
868 2156 904 2207 ut
924 2144 951 2207 F
953 2165 993 2206 ea
1013 2146 1050 2207 iu
1070 2142 1215 2219 editione

145 2275 205 2321 sua
226 2254 359 2317 Horatii
381 2266 416 2316 et
435 2275 538 2338 nuper
558 2256 635 2322 Car.
654 2260 782 2325 Erasm.
803 2256 933 2322 Krause
955 2261 991 2321 in
1012 2259 1218 2335 dissertatio·

143 2390 187 2434 ne
210 2392 271 2435 sua
290 2370 330 2434 de
353 2372 464 2435 satiris
483 2371 592 2438 Persii
615 2375 763 2460 Gotting.
787 2381 871 2441 1830
890 2398 922 2460 p.
937 2381 1091 2439 16-20.
1113 2394 1155 2439 ue
1173 2376 1217 2438 ti-

143 2487 248 2552 tulum
269 2489 401 2573 quidem
417 2488 573 2556 Codicum
591 2494 710 2557 nedum
724 2505 865 2558 aetatem
879 2505 1005 2571 notant,
1022 2492 1139 2559 borum
1155 2512 1217 2555 au·

144 2618 211 2669 tem
222 2617 300 2674 ante
322 2624 437 2671 omnes
457 2609 503 2689 ii,
524 2612 581 2694 qui
594 2613 732 2675 ruiuoris
745 2613 864 2677 aetatis
879 2610 983 2675 libros
996 2608 1100 2673 meaos
1114 2627 1217 2695 quos·

140 2720 226 2785 libat
254 2742 333 2785 casu
357 2742 517 2806 prospero
541 2729 631 2789 nacti
647 2728 792 2803 luerint,
817 2737 981 2808 tamquam
1001 2719 1141 2801 Lydium
1164 2719 1217 2785 lu-

139 2838 251 2922 pidem
280 2851 494 2922 praepostero
525 2856 558 2906 et
584 2842 817 2925 intempestiue
850 2839 959 2902 studio
984 2837 1158 2899 aestimant
1179 2850 1215 2902 ct

140 2953 343 3038 praedicant.
394 2953 485 3019 Hinc
512 2958 654 3021 fortasse
675 2958 775 3019 etiam
798 2955 882 3019 illud
904 2955 1046 3033 taedium
1069 2975 1214 3039 quorun-

139 3071 240 3153 dam,
270 3070 347 3135 hinc
368 3073 434 3150 ,ille
466 3074 639 3158 despectus
669 3075 874 3138 auctoritatis
902 3071 1070 3139 Codicum.
1108 3068 1212 3137 Nam·

139 3208 203 3272 que
232 3187 318 3253 haud
345 3210 461 3274 parum
488 3190 637 3273 profecto
663 3191 768 3254 refert
798 3193 901 3269 scire,
924 3189 1041 3276 quibus
1071 3186 1212 3253 testibus

138 3302 240 3369 fidem
268 3302 411 3382 habere,
437 3318 655 3391 quantumque
679 3305 760 3372 fidei
782 3307 969 3375 debeamus.
1010 3304 1096 3369 Illud
1117 3327 1214 3370 accu-

137 3429 210 3482 rata
227 3417 403 3504 descriptio
421 3421 527 3502 docet,
547 3421 610 3488 boc
627 3427 715 3488 iusta
732 3427 929 3508 aestimatio.
971 3423 1067 3486 Hanc
1085 3433 1209 3486 utram-

138 3557 200 3621 que
222 3535 307 3600 bene
330 3537 406 3602 dare
428 3541 602 3624 nequimus
625 3543 691 3606 uisi
710 3565 775 3606 usu
802 3563 842 3605 ea
862 3563 925 3627 qua
946 3561 1005 3623 par
1027 3550 1079 3614 est
1100 3538 1210 3602 erudi-

137 3655 228 3718 tione
248 3676 286 3719 ac
304 3653 477 3741 diligentia
495 3658 598 3723 facto.
628 3657 723 3724 'l'alis
744 3680 824 3723 usus
845 3659 958 3743 quanti
972 3658 1017 3721 sit
1037 3657 1207 3736 momenti,

137 3782 230 3854 patet
253 3773 537 3839 considerantibus
558 3775 673 3859 nobis,
695 3778 859 3851 criticum,
882 3769 1012 3859 qualem
1032 3773 1086 3838 hic
1106 3770 1209 3836 intel·

134 3885 291 3975 ligimus,
327 3893 550 3959 acutissimum
577 3917 737 3982 quemque
766 3891 850 3959 nihil
878 3914 952 3958 esse
980 3893 1046 3955 uisi
1074 3891 1205 3957 doctum

134 4020 352 4075 correctorem
370 4010 530 4077 librorum
552 4032 633 4098 quos
649 4011 808 4077 classicos
821 4025 951 4076 vocant.
992 4005 1121 4092 Quippe
1139 4009 1205 4071 cri-

132 4122 269 4190 ticorum
288 4140 363 4195 ante
386 4133 499 4197 omnia
522 4143 591 4213 ost,
620 4152 666 4195 ex
681 4152 765 4196 suaa
789 4130 906 4195 aetatis
927 4125 1127 4193 editionibus
1145 4146 1203 4189 ve·
