2564 4628
632 291 650 350 b

203 486 278 551 Illis
295 470 449 563 remitto,
469 492 603 572 quo'rur'u
626 487 788 581 imagines
810 489 959 555 lambunt
1153 503 1171 561 5
1250 552 1253 561 ,

119 671 329 686 m

186 797 210 832 v.
225 779 250 834 5.
270 783 309 833 illi
323 785 409 851 relinq.
420 802 445 837 u.
454 787 480 850 β.
492 787 604 852 relinquo
614 801 704 839 omnes
716 787 823 855 (reliquo
834 785 882 853 E);
898 786 936 843 aio
950 786 1028 861 etiam
1040 791 1122 845 maior
1134 800 1193 856 pars

114 913 199 966 Codd.
209 913 327 966 Mssrum.
347 914 520 970 Nihilominus
535 934 592 970 oum
604 918 771 986 'Casaubono
793 918 890 971 Orellio
904 925 931 972 et
944 919 1055 972 Webero
1071 890 1143 987 leges
1152 939 1193 974 re-

113 1052 200 1114 mitto,
218 1050 287 1116 quod
301 1065 354 1102 non
371 1051 454 1102 solum
469 1051 576 1106 minoris
588 1054 680 1107 aetatis
698 1054 807 1108 Codices
825 1057 935 1118 tuentur,
954 1048 984 1105 ut
995 1055 1110 1109 Florent.
1128 1057 1191 1110 Rio-

113 1183 183 1235 card.
197 1183 256 1236 701.
275 1181 355 1248 (eaeo.
372 1180 467 1248 xiil),
481 1181 560 1252 Eion,
570 1183 647 1233 Leur.
662 1164 725 1250 plut.
744 1174 863 1246 XXXIV,
882 1185 924 1233 21.
940 1187 966 1234 et
979 1186 1053 1239 Rom.
1071 1188 1187 1254 Angelis.

111 1318 136 1368 J.
154 1317 180 1369 6.
195 1316 239 1379 6.,
256 1314 311 1399 'qui
327 1311 420 1366 habet:
447 1312 561 1380 rernieto)
580 1319 602 1368 1.
617 1331 668 1366 m.:
686 1306 749 1380 „uls
759 1317 871 1382 relinquo
891 1329 935 1382 epo
948 1319 1089 1385 relinquo.“
1106 1292 1185 1386 (saec.

111 1444 197 1511 XIV.)
211 1445 294 1497 Paris.
305 1445 371 1510 Reg.
391 1415 474 1501 8293.
485 1446 591 1501 Mediol.
607 1447 821 1517 Ambros.1⁴'.59·
835 1454 862 1501 et
869 1450 945 1501 Rom.
968 1448 1088 1503 Casauat.
1098 1450 1131 1502 H.
1141 1453 1183 1504 lV.

111 1581 136 1633 9.
147 1577 228 1642 (saec.
236 1577 313 1642 XX),
322 1577 369 1630 sed
379 1577 456 1630 etiam
463 1578 624 1644 vetustiores,
638 1587 666 1654 ut
676 1578 747 1633 Flor.
758 1583 834 1634 Laur.
841 1581 1000 1635 PlLXVllL
1008 1581 1120 1634 24.saeo.
1129 1584 1183 1650 Xl.,

109 1710 154 1762 ubi
172 1727 239 1762 man
258 1712 282 1761 2.
302 1725 369 1762 saec.
394 1708 451 1764 XV.
470 1711 566 1764 delevit
585 1715 655 1785 mitto
673 1719 699 1765 et
716 1715 801 1780 posuit
818 1718 909 1782 linurin,
927 1664 1008 1767 Paris».
1027 1717 1092 1782 Reg.
1111 1718 1181 1772 8049

109 1840 189 1907 (saec.
207 1842 252 1892 Xl.
265 1841 390 1909 ineuntis)
408 1849 435 1896 et
451 1845 519 1897 8272
536 1844 617 1909 (saec.
637 1844 698 1911 X.);
718 1844 778 1900 huic
794 1847 896 1914 utrique
914 1847 1037 1912 adspersa
1054 1853 1093 1899 est
1110 1851 1181 1912 glos-

107 1963 155 2043 sa‘r
170 1953 292 2040 grumello.
329 1978 371 2030 Ne
396 1983 423 2031 te
448 1979 538 2032 fallant
555 1978 665 2031 Codices
684 1967 746 2032 curn
757 1981 806 2033 hoo
824 1978 925 2046 duplice
944 1974 1112 2042 glossemate:
1138 1996 1180 2030 re-

107 2110 194 2184 millo,
219 2109 341 2170 eorrcedo,
359 2113 388 2160 ut
405 2108 542 2168 Berueusis
559 2111 603 2164 ille
621 2130 646 2165 n.
666 2113 725 2166 297.
742 2128 809 2165 saec.
828 2094 880 2174 X.,'
895 2125 972 2177 quem
985 2111 1097 2172 ,eundem
1115 2114 1178 2176 puto

106 2258 165 2327 cum
180 2241 498 2307 BongarsianoaCasaub.
518 2245 550 2295 ad
569 2213 594 2297 hi
612 2248 630 2297 l.
648 2246 759 2298 laudato.
792 2244 829 2297 lbi
846 2243 917 2310 prior
928 2258 980 2298 vox
996 2233 1060 2295 mihi
1076 2244 1178 2296 ridetur

98 2376 211 2429 x-maioris
227 2393 284 2429 esse
299 2378 398 2442 aetalia,
417 2380 512 2446 quippe
530 2397 564 2433 ex
582 2380 714 2432 vetustiori
733 2380 818 2446 aliquo
835 2378 915 2442 Cod,
941 2393 1016 2443 quem
1030 2377 1099 2428 idern
1112 2376 1176 2426 scri-

104 2513 141 2562 ba
163 2508 326 2574 adhibuerit,
348 2511 437 2589 petita
478 2517 509 2562 ln
534 2511 584 2565 hoo
608 2511 676 2573 Cod.
691 2511 816 2564 Beruensi
833 2508 982 2577 saepissime
1000 2521 1077 2572 supra
1095 2508 1175 2557 rerba

104 2641 192 2694 Persii
205 2641 257 2693 alia
274 2657 290 2692 a
306 2649 331 2699 1.
350 2659 384 2694 m.
402 2650 461 2695 sunt
473 2612 575 2710 scripta,
595 2642 737 2709 praemissa
753 2648 798 2697 aut
811 2642 886 2696 litera
897 2640 989 2708 (siglo)
1007 2642 1024 2692 l.
1043 2640 1060 2691 i.
1080 2656 1103 2691 e.
1121 2641 1172 2704 vel,

105 2781 151 2828 aut
166 2777 264 2841 syllaba
283 2777 315 2827 al.
333 2775 351 2828 i.
370 2791 395 2828 e.
416 2775 460 2827 alii
475 2776 530 2829 sive
546 2776 628 2828 aliter.
665 2775 743 2842 Atqui
760 2781 878 2844 apparet,
897 2774 1023 2827 eiusmodi
1039 2773 1170 2835 lectiones,

105 2908 128 2960 si
144 2923 160 2958 a
180 2915 202 2964 t·
220 2924 253 2959 m.
280 2913 401 2961 exaratae
426 2907 535 2974 fuerint,
561 2909 661 2962 scribae
679 2874 764 2961 aetate
781 2908 922 2960 maximam
937 2913 1037 2974 partem
1054 2904 1172 2972 superio-

103 3055 148 3092 res
172 3053 229 3092 esse
252 3046 278 3090 et
299 3055 435 3106 perperam
457 3041 585 3094 interdum
608 3058 674 3093 arn.
693 3043 718 3092 2.
736 3040 844 3106 scriptos
861 3038 935 3088 tradi.
970 3039 1006 3088 At
1023 3037 1171 3088 enimvero

103 3173 213 3238 librarii,
231 3188 298 3240 quae
313 3187 346 3224 ex
365 3161 476 3224 arbitrio
490 3173 681 3226 emendaverint
698 3174 741 3224 rel
759 3187 792 3222 ex
808 3167 912 3254 ingenio
930 3163 1081 3228 corrigenda
1094 3169 1171 3230 puta-

104 3306 203 3378 verint,
222 3300 274 3357 riou
291 3304 340 3356 hae
355 3272 455 3357 ratione
472 3304 686 3369 significaverunt,
703 3303 750 3355 sed
767 3317 813 3354 sua
831 3317 896 3369 quae
913 3300 941 3352 iu
958 3303 1070 3351 mentem
1089 3287 1170 3350 vene-

104 3440 164 3504 rint,
182 3439 268 3493 nescio
282 3438 408 3507 majorino
425 3437 579 3490 confidentia
596 3453 629 3489 au
646 3436 751 3515 levitate
768 3437 891 3505 idipsum
909 3439 1055 3522 contentum
1073 3432 1170 3484 oratio-

104 3574 145 3636 nis
168 3571 284 3637 recipere
298 3570 369 3623 soliti
394 3575 466 3634 sunt,
488 3570 612 3649 lectiones
635 3585 712 3651 nveras
735 3577 822 3645 tamen
840 3583 897 3654 curu
913 3567 1040 3632 religione
1057 3566 1167 3633 quadam

104 3707 149 3762 vel
171 3718 248 3769 supra
271 3717 359 3754 versus
375 3698 560 3767 in'glossarum
581 3677 693 3769 speciem
709 3707 849 3770 ponentes,
873 3704 931 3766 rel,
947 3700 1025 3766 idque
1041 3715 1093 3750 non
1108 3715 1167 3750 raro

106 3855 140 3891 ex
154 3833 312 3897 aliisCodd.‚
327 3833 516 3898 ad'rnarginem
534 3842 664 3902 tamquam
679 3836 802 3889 lectiones
815 3835 997 3901 discrepantes,
1008 3832 1096 3892 addita
1104 3848 1168 3886 voce

105 3973 187 4022 altera
212 3973 277 4020 utra.
323 3967 475 4046 Evideutius
491 3967 541 4019 lloo
559 3975 666 4036 apparet
682 3984 716 4020 ex
734 3984 758 4022 v.
775 3966 832 4031 14„
856 3967 901 4018 ubi
919 3963 1000 4016 Codd
1019 3965 1084 4028 Reg.
1101 3964 1170 4016 8272

107 4109 134 4156 et
152 4100 228 4156 8019.
245 4101 310 4154 haec
327 4087 344 4154 a
362 4110 387 4161 1.
405 4119 440 4154 m.
458 4103 552 4169 scripta
569 4102 709 4166 praebent:
726 4095 816 4164 melos)
839 4099 1001 4163 dulcedinum,
1020 4096 1047 4150 in
1064 4095 1121 4148 aliis
1133 4099 1173 4148 est
