2564 4628
672 281 714 337 40

247 443 424 522 Sordidus,
445 457 481 504 et
497 442 589 507 lusco
613 444 667 526 qui
684 444 792 526 possit
811 441 938 506 dicere:
968 440 1077 505 lusce!

247 611 329 674 Sere
343 606 494 690 ,aliquem
516 606 664 688 eredens,
680 607 764 672 Italo
782 609 866 692 quod
884 606 1008 672 honore
1026 611 1162 694 supinus

249 776 400 858 Fregerit
426 773 575 838 heminas
598 775 710 841 Arreti
731 774 860 839 Aedilis
883 777 1031 860 iniquas3
1130 773 1229 862 [130]

168 998 375 1020 ὥ

166 1158 257 1214 salit.“
274 1156 335 1212 ride
350 1156 434 1208 Plaut.
450 1156 478 1208 in
494 1157 623 1209 Pseudolo
639 1158 660 1223 Ι,
678 1159 702 1224 1,
721 1157 779 1213 lou
808 1157 871 1225 ibiq.
898 1157 992 1224 Scalig.
1014 1157 1041 1209 in
1058 1157 1099 1211 ed.
1118 1155 1191 1223 Lips.
1209 1161 1236 1208 et

166 1297 260 1348 Muret.
281 1307 335 1346 var.
353 1293 412 1343 lect.
431 1290 487 1343 Vol.
509 1295 531 1339 1·
549 1308 575 1359 p.
594 1290 654 1373 251.
688 1293 758 1346 Nota
776 1299 815 1348 est
830 1298 946 1355 veterum
963 1290 1110 1362 superstitio
1128 1289 1161 1341 de
1177 1289 1235 1355 pal-

164 1427 333 1500 pitationibus
352 1423 408 1491 (lib.
425 1423 583 1491 Melampod.
608 1422 668 1493 rupi
690 1425 825 1497 παλμῶν).
859 1427 912 1482 rid,
937 1428 1049 1483 Ernesti.
1071 1427 1104 1479 ad
1131 1422 1234 1476 Gallim.

164 1533 255 1635 lrynru.¹
272 1560 300 1610 in
320 1558 380 1611 Cer.
405 1572 430 1608 v.
451 1556 495 1610 89.
521 1555 624 1609 Fabric.
653 1557 714 1611 bibi
739 1560 816 1629 gul,
835 1556 877 1613 15.
902 1576 928 1626 p.
945 1560 980 1619 99
997 1576 1035 1628 sq.
1065 1553 1184 1610 Eustath.
1202 1553 1236 1606 ad

168 1688 242 1741 Iliad.
258 1687 314 1739 Vll.
332 1705 358 1755 p.
378 1687 437 1755 547,
457 1690 608 1756 20:675,
630 1689 672 1744 42.
707 1693 807 1747 Dextro
825 1695 899 1757 oeulo
919 1709 967 1746 sua
984 1698 1075 1763 sponte
1091 1688 1237 1746 subsilienti

168 1821 287 1893 prosperi
312 1821 409 1907 aliquid
434 1824 646 1891 portendebatur,
679 1830 708 1878 ut
726 1832 798 1894 patet
819 1843 853 1880 ex
878 1826 1034 1881 Theouiteo
1058 1823 1105 1897 illo
1130 1813 1238 1871 ditem
1277 1774 1280 1803 ἱ

169 1951 371 2025 dudatpdeprv
384 1949 398 2002 ὅ
411 1953 503 2015 (icitia.
528 1961 570 2013 De
585 1960 635 2014 hae
650 1977 681 2015 re
696 1959 729 2014 ot
746 1961 888 2016 Saloutala
902 1977 928 2027 p.
945 1959 1051 2033 liuhad.
1067 1954 1165 2020 chezy.
1178 1947 1239 2004 Mo-

168 2089 242 2159 latip.
264 2090 339 2155 5.,et
361 2090 505 2145 Mriohhak.
528 2111 554 2161 p.
577 2095 653 2149 1888.
681 2096 740 2147 222.
770 2091 826 2161 (ed.
858 2092 992 2162 Celent).
1026 2091 1103 2150 Quod
1131 2090 1239 2143 verbum

169 2225 255 2277 luscus
270 2221 304 2274 in
329 2220 398 2275 huno
420 2222 526 2275 modum
555 2223 725 2297 interpreter,
748 2240 791 2277 me
807 2233 897 2279 monet
913 2242 972 2279 cum
997 2226 1239 2301 turbatuauaeuteu-

84 2397 93 2411 .
170 2355 264 2409 tiarum
280 2327 361 2421 ordo,
389 2369 406 2406 a
430 2369 480 2423 quo
505 2354 628 2435 absonam
652 2357 718 2410 dnoo
743 2357 883 2411 debilitatis
905 2357 962 2414 reri
984 2357 1050 2413 losoi
1073 2353 1238 2437 derisionem,

171 2497 225 2542 tum
243 2487 407 2575 participium
424 2489 493 2559 quod
508 2487 664 2566 adiungitu-
701 2490 772 2549 Quid
800 2499 903 2565 auum,
926 2492 951 2547 si
971 2490 1078 2566 vocilius
1106 2490 1200 2543 trucior
1214 2491 1242 2569 et

174 2626 328 2676 transimus
347 2622 433 2688 (Varr.
451 2624 484 2676 de
500 2623 531 2678 L.
552 2625 583 2677 Ι.
601 2624 669 2690 vlu,
689 2624 745 2699 343.)
763 2624 948 2701 aivitatemita
963 2619 1111 2697 redderes?¹
1132 2620 1197 2673 Loci
1213 2625 1242 2672 ut

173 2752 202 2805 in
218 2752 377 2816 Hieronymo
393 2750 451 2802 adv.
470 2751 595 2807 lovinion.
612 2753 658 2807 lib.
685 2758 733 2806 11.:
759 2754 835 2819 onio,
848 2757 954 2822 prodest
975 2733 1073 2811 luseum
1089 2767 1183 2806 vocare
1200 2754 1243 2803 lu-

174 2879 263 2938 seum?
280 2881 308 2933 in
321 2881 375 2932 luv.
389 2882 423 2946 X,
442 2883 502 2936 228.
521 2885 611 2937 ambos
627 2884 748 2959 Perdidit
762 2885 808 2961 ille
828 2887 924 2952 oeulos,
945 2892 972 2941 et
990 2886 1068 2941 luscis
1083 2884 1189 2940 inridet.
1207 2886 1241 2937 al.

178 3015 346 3086 explicationi
362 3031 436 3069 meae
457 3015 483 3069 h.
501 3019 519 3069 l.
537 3033 590 3071 non
605 3017 776 3085 refragantur.
797 3049 832 3060 -

241 3182 325 3251 possit
350 3184 457 3250 plorimi.
479 3191 542 3240 vett.
567 3185 651 3238 Codd.
675 3191 702 3239 et
725 3186 797 3241 editt
821 3189 903 3256 poerit
925 3187 960 3240 Y.
985 3183 1021 3238 Δ.
1044 3189 1072 3238 et
1085 3179 1244 3237 raoentiores

175 3322 238 3375 Mss.
270 3315 466 3384 Expositionem
484 3336 569 3372 meam
595 3321 673 3375 totius
694 3322 746 3374 looi
765 3325 920 3389 amplectens
937 3322 998 3376 ride
1015 3322 1082 3374 sitne
1098 3313 1245 3367 revocanda

175 3453 253 3508 leotio
271 3443 392 3520 ,prosu
403 3447 419 3472 “
436 3453 464 3498 ut
480 3448 545 3501 Hor.
562 3451 617 3504 Art.
635 3459 705 3522 poet
724 3470 749 3506 v.
765 3452 836 3517 llo,
853 3452 898 3505 nbi
913 3451 1036 3520 perpauci
1054 3446 1137 3501 Codd.
1154 3462 1246 3505 reeen-

176 3588 255 3641 tiores
276 3585 372 3638 habent
391 3583 474 3647 possit
489 3583 523 3634 al.
543 3587 637 3649 poscite
659 3583 771 3655 plorimi.
797 3589 860 3638 vett.
883 3586 974 3653 morit.
1007 3598 1145 3650 properum
1161 3580 1193 3634 V.
1213 3581 1245 3634 Β.

176 3723 291 3788 peiorum
309 3716 341 3770 A.
377 3717 439 3768 Sese
457 3729 524 3766 omn.
542 3713 624 3773 Codd.
646 3722 673 3770 et
688 3717 762 3773 editt.
780 3734 835 3772 sese
851 3718 949 3790 aliquid
966 3714 1001 3769 Y.
1017 3716 1087 3784 ptulo
1107 3713 1138 3766 L.
1155 3712 1248 3763 tooure

179 3854 269 3921 arrpa'rro
290 3851 321 3903 Ρ.
399 3929 419 3935 ..

248 4021 331 4074 arreti
354 4019 390 4074 N.
406 4023 485 4079 R.G.
504 4025 537 4079 D.
556 4025 588 4080 Ε.
607 4024 642 4080 F.
658 4024 692 4078 H.
712 4023 739 4076 S.
756 4022 779 4075 1.
799 4022 832 4075 K.
852 4030 882 4074 Ν.
901 4017 936 4072 Δ.
964 4017 1046 4070 erudi
1062 4014 1094 4065 Ι..
1121 4015 1197 4065 arleti
1213 4014 1248 4065 Y.

182 4153 281 4208 urredi
299 4150 352 4225 (tit
371 4158 457 4225 arasa)
476 4165 500 4214 2
526 4163 574 4215 rel.
591 4161 665 4213 oreti.
701 4158 798 4209 eminus
820 4146 903 4206 P.'A.
926 4150 1010 4203 L.'Y.
1047 4149 1152 4199 unimus
1167 4146 1198 4198 B.
