2564 4628
652 364 701 405 xit

131 558 222 641 cipes
242 566 275 616 ct
296 554 420 638 primae
440 561 613 626 vocantur,
634 560 709 613 erint
732 549 938 631 exscriptae,
969 567 1014 609 ex
1035 543 1086 608 his
1110 544 1199 608 aliae

132 686 209 739 sunt
230 692 384 750 excusae,
406 669 467 732 hoc
488 668 545 733 vel
566 667 625 731 illo
648 666 768 730 Codice
789 668 822 727 in
840 679 949 748 partes
962 676 1089 742 vocato,
1111 662 1201 724 aliae

131 791 262 856 fidelius
283 790 462 872 repetitae,
485 800 519 849 et
545 788 592 850 sic
615 786 738 848 sensim
762 784 948 867 sensimque
973 782 1204 844 seseconfor-

133 909 233 971 inurit
252 904 351 968 lectio
372 902 517 989 vulgata,
533 905 638 987 magis
667 903 814 965 minusve
847 920 867 961 a
885 897 1061 982 typothetis
1077 913 1204 962 temere

130 1026 322 1108 inquinata,
351 1041 371 1082 a
399 1019 638 1083 correctoribus
666 1019 821 1081 audacius
848 1016 1067 1100 interpolata,
1098 1030 1155 1080 aut
1186 1041 1205 1080 a

133 1142 254 1205 criticis
284 1140 392 1203 acrius
419 1137 613 1213 sollicitata,
648 1136 774 1199 doctius
805 1135 977 1198 emendata
1004 1147 1037 1198 et
1055 1133 1206 1198 limatius

130 1258 245 1345 polita.
288 1257 453 1332 ,Attamen
477 1279 524 1322 ex
543 1256 606 1319 hoc
628 1253 750 1339 duplici
771 1255 863 1317 fonte
894 1265 928 1315 et
951 1273 1031 1316 vera
1061 1264 1095 1313 et
1116 1249 1208 1314 falsa

133 1376 328 1456 fluxerunt,
345 1377 420 1459 quia
440 1375 483 1436 iis
506 1395 587 1436 sana
607 1393 674 1434 non
694 1369 801 1434 solnm
821 1372 1029 1433 continentur
1037 1369 1096 1434 sed
1110 1390 1209 1433 men·

134 1494 194 1555 dac
218 1495 327 1561 etiam.
369 1488 492 1551 Earum
513 1493 548 1551 in
572 1486 674 1549 Codd.
695 1485 791 1547 Mssa
809 1496 865 1543 aut
884 1504 999 1546 vecors
1021 1483 1132 1546 scriba
1147 1498 1210 1548 aut

134 1606 295 1668 vetustior
325 1605 517 1665 temerarius
545 1601 710 1686 glossator
738 1596 858 1683 aliquis
881 1597 1009 1682 culpam
1030 1597 1115 1674 fert,
1146 1615 1209 1662 aut

137 1720 203 1784 alia
221 1720 336 1782 existit
354 1721 450 1802 origo
473 1717 707 1802 qualiscunque
727 1714 826 1778 altius
847 1714 1040 1800 adsurgens.

221 1834 383 1930 Quocirca
411 1832 600 1895 mendarum
629 1823 774 1916 cognitio
799 1854 865 1895 non
895 1834 1003 1895 minus
1031 1842 1144 1917 potest
1165 1837 1210 1900 ad

137 1954 306 2039 scriptoris
328 1949 468 2015 salutem
489 1951 725 2032 quamoptime
740 1953 871 2015 varians
890 1951 1010 2028 lectio,
1032 1962 1066 2012 et
1087 1951 1207 2034 siquis

140 2070 318 2135 Codicibus
346 2078 425 2131 vett.
454 2076 548 2127 utens
570 2066 705 2129 mendas
728 2084 817 2132 esset
838 2065 1064 2152 neglecturus,
1088 2068 1208 2133 eodem

136 2200 233 2271 pacto
258 2189 293 2246 in
322 2181 610 2265 reprehensionem
631 2185 798 2248 incurrere
820 2185 901 2248 milri
922 2186 1087 2248 videretur
1106 2198 1206 2270 atque

136 2305 185 2380 is,
207 2303 262 2384 qni
283 2298 435 2379 medici“)
459 2319 578 2361 nomen
595 2299 660 2363 sibi
674 2322 807 2365 sumens
828 2300 1016 2365 morborum
1033 2304 1208 2367 scientiam

138 2438 251 2481 curare
283 2414 405 2496 nollet,
436 2428 491 2479 aut
519 2418 574 2501 qui
601 2416 858 2484 adolescentium
886 2421 1012 2481 animos
1035 2433 1210 2484 conaretur

137 2533 177 2594 ad
204 2531 334 2616 frugem
355 2532 476 2596 bonam
506 2530 672 2618 applicare
701 2538 896 2622 virtutisque
919 2557 1020 2600 sensu
1044 2535 1208 2619 imbuere,

136 2649 292 2711 vitiorum
322 2648 433 2712 indole
464 2664 499 2714 et
525 2660 641 2714 natura
663 2672 728 2715 non
749 2654 958 2735 investigata.
998 2649 1075 2712 Duo
1094 2663 1207 2716 autem

135 2767 296 2850 imprimis
306 2776 394 2842 sunt,
406 2785 487 2850 quae
498 2787 555 2829 cur
564 2769 612 2830 ita
624 2768 774 2842 sentiam,
788 2786 840 2827 me
852 2762 1036 2847 impellunt:
1051 2766 1205 2847 primum,

117 3062 120 3066 ,
207 2998 235 3068 *)
252 3001 319 3055 Vide
348 3004 444 3057 Murci.
470 3003 544 3058 Varr.
571 3008 641 3058 lectt.
665 3004 728 3070 XV,
760 3003 802 3056 ro.
838 2999 903 3067 „Ad
930 2998 1085 3055 medicinam
1114 3000 1208 3057 melius

141 3090 168 3137 et
184 3084 279 3139 certius
298 3087 464 3142 factitandum
480 3105 532 3142 non
551 3088 717 3143 mediocriter
731 3089 796 3141 utile
814 3092 866 3152 est,
892 3085 976 3151 scire,
1009 3088 1100 3154 quibus
1115 3087 1143 3139 in
1162 3105 1209 3141 re-

139 3172 188 3222 bus
204 3170 243 3235 is,
263 3172 307 3240 qni
322 3178 456 3238 aegrotat,
480 3189 589 3238 peccare
617 3174 707 3227 solitus
726 3174 777 3227 sit:
796 3191 846 3242 quo
866 3181 892 3228 et
910 3190 988 3227 causa
1005 3171 1088 3223 morbi
1105 3171 1207 3226 facilins

138 3253 296 3319 reperiatur,
313 3257 389 3308 etad
408 3272 466 3308 earu
486 3257 607 3310 medendi
627 3256 694 3309 ratio
708 3259 925 3315 adcommodetur.
966 3258 1011 3309 Sic
1025 3260 1060 3306 ·et
1087 3253 1136 3318 iis,
1161 3258 1207 3323 qui

141 3349 170 3385 sc
186 3332 340 3400 scriptorum
356 3344 473 3392 veterum
491 3341 565 3408 quasi
583 3342 697 3394 medicos
715 3345 839 3410 quosdam
866 3359 924 3395 esse
939 3340 1105 3407 profitentur,
1130 3354 1208 3393 ”0⁸⁸0

139 3415 261 3482 expedit,
284 3418 376 3484 quibus
388 3424 549 3489 potissimum
574 3426 658 3477 modis
684 3430 786 3477 veteres
808 3424 907 3477 librarii
929 3436 1037 3490 peccare
1057 3420 1126 3473 soliti
1146 3423 1206 3477 sint.

138 3501 209 3553 lntcr
225 3507 311 3555 cetera
330 3502 410 3569 igitur
425 3523 488 3560 sane
503 3511 584 3562 multa
609 3522 704 3573 genera
722 3506 932 3573 depravationem
957 3505 1126 3559 animadverti
1143 3509 1208 3561 soii-

136 3590 178 3637 tos
195 3600 253 3652 eos,
275 3587 297 3638 si
318 3588 419 3654 quando
437 3591 583 3644 vetustioris
601 3590 675 3654 libri,
695 3605 730 3641 ex
749 3606 799 3656 quo
816 3589 912 3658 aliquid
930 3589 1116 3656 describebant,
1142 3593 1207 3646 scri-

137 3673 237 3733 pturam
256 3670 318 3724 satis
334 3677 405 3725 certo
427 3689 458 3725 ac
474 3675 573 3742 liquido
590 3673 738 3744 perspicere
761 3691 814 3727 non
836 3680 971 3741 poterant,
998 3674 1206 3745 dubitabantque,

137 3750 188 3802 hoc
204 3769 238 3805 an
254 3753 300 3807 illo
319 3757 396 3808 modo
413 3758 536 3824 scriptum
556 3759 638 3825 foret,
664 3764 709 3811 aut
735 3758 757 3810 si
783 3759 885 3826 quando
906 3758 976 3810 aliud
993 3759 1021 3810 in
1039 3759 1097 3812 aliis
1116 3776 1207 3813 exem-

136 3833 251 3900 plaribus
268 3839 390 3906 scriptum
418 3842 600 3909 reperiebant,
624 3849 759 3909 utrumque
781 3859 895 3909 ponere,
925 3850 952 3896 et
966 3845 1091 3896 lectorum
1109 3844 1206 3897 indicio

136 3917 303 3986 permittere,
325 3931 411 3979 utrum
431 3926 518 3979 verius
535 3926 673 3980 videretur.
710 3926 750 3977 Eo
769 3928 846 3979 modo
860 3928 905 3980 vix
924 3925 1049 3980 credibile
1068 3932 1114 3992 est,
1129 3945 1206 3996 quam

135 4005 215 4056 multa
234 4003 262 4057 in
278 4007 382 4074 optimis
401 4019 428 4068 et
445 4011 611 4065 nobilissimis
634 4010 776 4078 quibusque
803 4011 970 4078 scriptoribus
985 4012 1112 4062 maculata
1127 4011 1206 4065 sint.“

131 4085 350 4230 Gopfppasmtpuae
375 4099 407 4150 G.
423 4101 584 4152 Hermastus
610 4092 719 4148 facetius
744 4093 867 4150 disserent
890 4095 919 4148 in
938 4094 1060 4160 Opuscul.
1083 4096 1139 4151 Vol.
1157 4096 1202 4149 IV.

130 4184 156 4234 P·
227 4209 235 4224 ·
307 4212 315 4229 .
