2564 4628
600 334 635 379 Π

77 541 150 585 oum
178 520 388 584 testimoniis.
439 510 566 596 Quibus
593 523 648 607 qui
678 523 813 585 nimiam
840 518 940 585 fidem
961 533 997 585 et
1012 542 1142 588 omnem

75 638 147 700 fere
179 636 343 714 tribuunt,
373 636 477 702 nihilo
506 642 612 724 magis
640 637 736 704 nobis
762 636 965 723 probantur,
990 645 1143 726 quamii,

78 756 135 840 qui
162 756 387 818 auctoritatem
409 778 523 822 eorum
546 759 752 823 fastidiosius
773 770 932 840 spernunt
953 770 989 820 et
1010 762 1143 823 omniuo

78 870 239 941 abiiciunt
259 893 297 934 ac
318 873 464 954 demum,
493 896 573 939 suae
594 876 777 939 sententiae
802 874 1029 962 qualicumque
1050 898 1146 961 prue-

78 989 155 1051 sidii
176 988 376 1075 aliquantum
396 995 543 1077 petituri,
564 992 606 1055 ad
628 1013 688 1055 eos
708 993 912 1076 confugiunt.
955 990 1048 1067 Quae
1071 1014 1145 1057 curu

79 1108 128 1168 ita
148 1108 233 1188 siut,
253 1122 405 1173 neutrum
425 1109 543 1172 horum
565 1105 639 1169 fieri
658 1128 717 1189 pur
736 1120 805 1187 est,
828 1109 885 1171 sed
905 1111 1014 1174 media
1030 1122 1145 1173 tenen·

81 1223 122 1287 da
141 1237 192 1289 est
220 1227 299 1304 via,
329 1247 394 1307 qua
419 1225 501 1286 duae
517 1235 629 1306 partes
655 1225 852 1287 consociatis
873 1225 959 1287 inter
979 1245 1016 1287 se
1039 1228 1147 1289 consi-

79 1341 137 1406 liis
164 1345 203 1418 iu·
244 1342 463 1417 conveniunt,
495 1351 532 1404 ut
559 1340 635 1403 dum
665 1338 762 1403 altori
782 1338 919 1404 multum
938 1341 1094 1424 ponderis
1112 1352 1149 1405 et

77 1460 283 1541 auctoritatis
304 1449 531 1542 adsignemus,
553 1457 692 1521 liberius
715 1457 811 1521 alteri
832 1480 898 1522 nou
919 1455 1148 1522 subtrahamus

81 1573 237 1638 officium.
286 1575 412 1639 Verum
442 1576 572 1661 quidem
598 1587 668 1652 est,
697 1577 885 1654 exstitisse,
913 1575 948 1637 id
968 1576 1054 1660 quod
1074 1597 1146 1640 mos

80 1691 155 1755 tulit
178 1696 334 1777 temporis
353 1696 458 1756 nostri
477 1696 597 1757 certius
620 1694 729 1757 omnia
751 1691 935 1768 constituri,
954 1692 1149 1776 permultos,

81 1811 137 1895 qui
159 1831 200 1872 ue
222 1812 329 1874 indies
350 1813 544 1894 scriptorum
561 1809 723 1871 editiones
739 1804 1044 1889 multiplicarentur,
1063 1830 1146 1893 quae

81 1928 217 1989 nonnisi
234 1929 347 2011 paucis
368 1926 550 1990 levioribus
573 1925 743 1988 hincinde
764 1924 985 1989 disseminati—s
1004 1928 1147 2010 propriis

81 2042 360 2124 adnotationibus,
380 2065 462 2128 quae
483 2044 616 2106 criticae
633 2051 876 2127 nuncupantur,¹
888 2042 1067 2104 instructae
1089 2061 1150 2104 uu-

79 2180 207 2223 merum
226 2173 347 2224 temere
370 2174 548 2246 augerent,
570 2162 696 2225 doctius
712 2174 746 2224 et
766 2158 958 2242 diligentius
989 2156 1147 2224 Codicum

82 2296 223 2341 examen
241 2279 499 2362 postulaverint,
522 2302 636 2365 neque·
649 2281 747 2341 etiam
770 2275 934 2351 defuisse,
957 2277 1014 2359 qui
1026 2278 1150 2359 ·siugu·'

81 2390 133 2454 las
163 2393 288 2456 saeculi
311 2392 393 2458 XV.
420 2396 582 2460 editiones
608 2399 643 2459 in
671 2415 766 2458 suum
792 2413 887 2453 usum
917 2394 1151 2469 converterint,

82 2507 227 2588 exiguus
248 2522 357 2572 tamen
379 2513 560 2573 censendus
582 2524 634 2573 est
653 2530 808 2572 nurnerus
830 2527 956 2586 corum,
975 2519 1076 2570 totam
1095 2511 1152 2593 qui

80 2622 253 2688 historiam
275 2628 419 2689 criticam
438 2640 549 2691 textus
567 2651 598 2713 q.
610 2650 641 2690 u.
659 2615 882 2690 desiderantes
901 2627 1152 2710 enixius-quae·-

83 2742 240 2822 siverint,
270 2745 431 2827 quomodo
460 2744 513 2806 hic
535 2728 680 2828 siugulis·
699 2741 1006 2809 saeculisrmaxime
1029 2744 1064 2805 in
1087 2743 1153 2806 Co·

86 2857 212 2922 dicibus
240 2861 387 2945 ipsorum
409 2863 603 2945 scriptorum
625 2864 733 2923 autin
754 2861 892 2922 vetustis
915 2850 1028 2920 eorum
1045 2857 1153 2922 ‘Com-

83 2977 322 3042 nreutatoribus
348 2991 552 3063 comparatus
579 2977 697 3055 fuerit,
723 2989 757 3038 et
786 2997 850 3058 qua
874 2975 1004 3036 taudem
1024 2977 1077 3036 via
1101 2973 1152 3037 le-

87 3095 154 3155 ctio
184 3115 280 3177 quam
302 3097 470 3180 vulgatam
498 3097 608 3158 dicunt
633 3095 668 3156 in
697 3091 848 3176 plurimis
878 3080 1152 3173 impressionibus

87 3210 213 3273 saeculi
233 3210 313 3275 XV·
342 3233 416 3275 sese
445 3199 699 3274 conformaverit
721 3223 754 3272 et
774 3209 814 3273 ad
835 3229 894 3272 nos
917 3226 1021 3291 usque
1043 3225 1154 3267 mana-

85 3328 181 3390 verit.
222 3327 297 3392 Hoc
317 3350 395 3414 prae
419 3327 570 3392 omnibus
591 3348 690 3391 uuum
714 3349 796 3412 opus
819 3347 950 3406 censeo,
968 3325 1084 3389 inhoc
1099 3346 1157 3410 po·

89 3445 188 3507 situm
215 3449 294 3508 artis
321 3448 452 3509 criticae
482 3448 574 3510 utin
596 3446 817 3531 explicatione
841 3448 928 3509 iusta
949 3446 1157 3531 principium,

89 3560 218 3626 firmius
251 3565 518 3638 fundamentum
556 3565 641 3627 unde
662 3562 803 3669 saeculo
835 3575 947 3627 nostro
979 3563 1158 3626 maximam

86 3677 257 3742 veteribus
278 3680 491 3765 scriptoribus
513 3664 652 3744 salutem
675 3703 855 3767 speremus.
887 3682 1022 3745 Erudite
1045 3679 1159 3760 igitur,

89 3791 269 3876 religiose,
290 3797 433 3876 assidue,
457 3819 552 3883 quam
572 3799 732 3885 plurimos
754 3802 865 3865 fontes
887 3799 1081 3880 indagemus
1102 3819 1159 3883 eo-

88 3930 248 3994 rumque,
272 3929 427 3996 quantum
449 3915 564 3994 liceat,
587 3938 772 3980 connexum
795 3919 882 3978 inter
903 3933 939 3978 se
963 3927 997 3977 et
1018 3912 1161 3977 familia-

88 4029 220 4090 ritatem
236 4029 458 4113 inquiramus,
480 4047 513 4096 et
534 4047 601 4098 tum
624 4034 752 4096 demum
771 4035 899 4116 ingenii
921 4020 1047 4098 annilia¹
1068 4039 1160 4112 peta-

88 4163 177 4224 mus,
198 4149 459 4216 couiecturarum
476 4150 635 4215 medelas.
676 4148 859 4213 Admodum
877 4152 1011 4212 arduam
1031 4146 1161 4233 quidem

925 4265 945 4330 h
