2564 4628
582 386 633 430 vn

82 577 228 641 criminis
257 569 378 635 iniuria
407 567 630 633 transferrent.
681 566 834 656 Plerique
867 567 994 636 scilicet
1021 577 1147 661 ingenii

85 695 157 775 sui,
180 697 209 755 si
229 688 314 775 quod
335 697 415 765 erat,
434 689 583 779 acumine
606 686 681 772 plus
699 708 737 750 ae
762 686 904 771 quoireti
927 702 961 752 et
983 695 1148 778 exquisita

85 809 272 895 linguarum
300 806 487 890 cognitione
509 808 646 888 muniti,
670 803 878 871 calidissimis
901 786 982 872 atleo
1005 809 1150 876 indulse-

86 940 164 991 runt
184 923 433 1008 contemuitur),
453 936 491 987 ut
510 924 607 1011 plura
626 923 702 989 inde
724 923 829 987 bonas
850 920 940 1008 frugi
961 925 1149 994 exhibenda

105 1086 271 1100 *

160 1193 184 1260 ⁸)
202 1193 272 1246 Dum
288 1191 316 1243 in
332 1189 427 1257 Anglia
438 1191 578 1253 versabar,
604 1188 719 1242 libellum
742 1206 792 1258 ego
816 1194 955 1263 conscripsi
967 1194 1051 1259 ‚huius
1069 1201 1152 1257 tituli:

89 1279 226 1346 „epistola
250 1293 303 1328 non
326 1271 433 1336 critica,
459 1271 555 1340 scripta
579 1271 612 1324 ad
636 1271 739 1326 criticos
765 1280 792 1328 et
811 1274 1039 1344 bibliographos.“
1072 1284 1153 1341 Cuius

89 1360 178 1428 aliqua
192 1376 253 1427 pars
269 1356 338 1424 typis
352 1355 406 1407 iarn
424 1355 552 1424 exscripta
568 1355 673 1424 Lipsiae
689 1362 761 1422 erat,
789 1373 848 1411 cum
867 1358 1023 1429 bibliopola,
1040 1365 1087 1419 Vir
1106 1367 1154 1422 ho.

91 1442 267 1507 nestissimus,
286 1455 328 1492 me
344 1439 480 1492 certiorem
500 1441 624 1495 reddebat
647 1442 773 1508 Romam,
798 1443 937 1496 correctori
951 1445 1053 1500 cuidam
1070 1465 1155 1518 neque

93 1541 175 1579 novas
198 1523 361 1592 quaestiones
386 1539 490 1590 prorsus
518 1525 627 1594 (qnippe
645 1525 730 1578 inerat
761 1525 869 1580 historia
896 1533 1013 1596 typorum
1039 1532 1154 1591 Barthol.

92 1606 291 1674 Guldinbechii,
309 1607 354 1676 qui
370 1607 467 1674 primus
484 1609 668 1677 Porphyrionis
693 1608 791 1665 scholia
813 1611 841 1664 in
857 1613 994 1667 Horatium
1014 1619 1127 1673 excussit
1135 1604 1155 1684 l)

92 1709 177 1761 neque
194 1692 308 1748 vividam
324 1707 479 1761 quamquam
494 1709 546 1746 non
562 1701 725 1761 arrogantem
738 1701 784 1748 aut
799 1711 934 1765 procacem
944 1697 1074 1755 iudicandi
1088 1704 1157 1758 acri-

93 1776 206 1830 moniam
229 1776 342 1844 probari.
384 1776 527 1830 Consilium
549 1794 584 1832 ex
606 1796 649 1833 me
670 1780 732 1848 quid
757 1779 903 1835 faciendum
929 1790 998 1837 esset
1014 1789 1156 1854 quaerenti,

92 1860 170 1914 facile
196 1876 254 1913 curn
277 1876 379 1915 sensum
402 1861 574 1928 intelligerem
599 1862 668 1916 docti
686 1863 756 1916 illius
774 1863 825 1918 viri
843 1864 912 1918 docti
926 1865 954 1918 in
974 1884 1065 1934 gyrum
1081 1888 1156 1925 suum

92 1945 233 2012 compulsi,
249 1946 379 2013 respondi,
395 1947 520 2015 tantisper
536 1949 705 2001 coerciturum
721 1965 764 2002 me
780 1965 838 2003 esse
855 1954 882 2002 et
899 1957 1066 2020 retenturum,
1086 1957 1156 2024 quod

95 2030 149 2082 alio
168 2036 286 2098 tempore
308 2030 500 2098 opportuniori,
524 2031 547 2084 si
569 2030 669 2085 animus
688 2032 784 2086 itemm
808 2032 923 2099 tulisset,
941 2051 1044 2102 possem
1060 2036 1158 2106 depro-

95 2128 176 2166 mere.
206 2113 287 2168 Dolui
300 2119 387 2167 tamon
403 2112 583 2183 vehementer,
599 2114 672 2168 iham
688 2115 784 2183 vnum,
810 2115 882 2169 cuius
905 2133 1000 2171 nomen
1016 2121 1099 2174 latere
1115 2139 1158 2176 me

94 2201 186 2265 postea
203 2192 304 2265 debuit,
320 2199 368 2253 sub
388 2198 517 2252 scribendi
533 2199 665 2254 alacritate
681 2200 797 2256 severius
818 2200 949 2254 literarum
975 2203 1087 2258 studium
1106 2222 1159 2260 nou

95 2282 159 2336 sam
174 2281 400 2350 animadvertisse,
417 2285 498 2352 quod,
516 2290 546 2337 ut
561 2285 661 2338 maiora
683 2290 818 2353 capessat,
846 2285 946 2339 leviora
970 2291 999 2339 ut
1016 2287 1159 2344 θᾱὶιίοιιιιηι

95 2367 194 2420 saeculi
209 2367 269 2421 XV.
290 2383 430 2436 earumque
446 2374 565 2438 typorum
581 2368 755 2435 cognitionem
776 2368 882 2423 minime
904 2369 1014 2438 respuit,
1040 2363 1160 2440 maleque

96 2466 156 2503 eum
173 2450 294 2504 habuisse
320 2451 434 2505 animum
449 2453 595 2518 vigentem,
624 2467 701 2518 quem
718 2451 950 2518 Manuscriptorum
971 2455 1040 2505 mole
1058 2459 1086 2507 et
1101 2456 1161 2522 pul-

97 2547 161 2586 uere
192 2533 382 2600 lectionumque
403 2534 533 2601 [imagine
547 2534 707 2587 obruendum
731 2539 758 2588 et
780 2535 971 2587 obtundendum
998 2553 1032 2589 ue
1057 2544 1162 2606 paterer

96 2618 240 2686 periculum
264 2633 296 2670 ac
317 2617 436 2672 timorem
460 2618 537 2671 amici
565 2618 653 2685 plures
670 2617 842 2685 proficiscenti
862 2618 926 2671 mibi
947 2619 1161 2685 sigrificoverant.

97 2703 128 2755 ln
150 2701 196 2757 illa
219 2701 329 2771 epistola
353 2708 439 2769 autem
463 2720 517 2756 non
537 2704 621 2756 solum
641 2717 707 2770 quae
724 2701 752 2754 in
772 2700 953 2768 Fraucogallia
971 2709 997 2757 et
1016 2704 1111 2772 Anglia
1127 2709 1162 2760 ad

97 2792 248 2857 apparatum
275 2785 390 2842 criticum
412 2786 515 2840 Horatii
536 2786 643 2856 eiusque
663 2788 779 2840 veterum
796 2793 1024 2840 commentatomm
1042 2787 1163 2842 facientia

98 2872 333 2940 deprehenderam,
353 2872 442 2927 notcvi
459 2877 487 2928 et
503 2869 686 2935 adnumeravi,
705 2875 735 2922 ut
752 2869 864 2922 Codices
880 2869 978 2936 Mssos,
1003 2872 1036 2925 de
1054 2888 1163 2940 quorum

42 3027 46 3032 ι
99 2958 169 3012 haud
184 2958 273 3027 paucis
292 2963 337 3010 aut
362 2956 428 3010 nihil
452 2956 527 3010 nobis
545 2961 590 3008 aut
609 2953 675 3006 nihil
698 2953 762 3006 certi
780 2952 864 3006 adhuc
880 2953 1006 3020 innotuit,
1027 2961 1054 3007 et
1073 2955 1164 3023 copio-

100 3057 157 3094 sam
176 3041 361 3109 supellectilem
382 3040 501 3094 Virorum
533 3040 683 3104 doctorum,
710 3042 739 3088 ut
760 3035 866 3102 Huetii,
889 3039 970 3089 celeb.
993 3038 1062 3091 illius
1085 3040 1164 3108 episc.

100 3124 280 3190 Abriucensis,
302 3125 407 3179 Pitheci
425 3123 474 3193 (cl.
494 3124 597 3178 Annali
620 3121 704 3176 Iahuii
720 3121 754 3176 V.
776 3122 818 3172 12.
839 3137 865 3186 p.
882 3118 943 3173 458.
961 3125 988 3172 et
1000 3120 1069 3173 inira
1088 3123 1121 3174 ad
1138 3141 1164 3178 s.

100 3208 153 3277 5.),
166 3208 374 3275 Venderbourgii
390 3210 424 3261 ad
440 3214 500 3262 sati.
519 3213 547 3260 et
571 3221 645 3273 epp,
669 3202 840 3257 Brouckhusii
863 3201 1006 3270 (collation.
1030 3211 1166 3273 praestan-

100 3295 195 3349 tiorum
212 3293 316 3347 illorum
333 3292 417 3345 Codd.
427 3289 621 3358 Franequerani
639 3293 666 3340 et
683 3285 850 3353 Graeciam),
871 3287 1021 3356 D'Orvillii,
1048 3290 1167 3344 Flamin-

101 3380 156 3448 gii,
174 3378 357 3446 Babingtonis,
379 3376 457 3443 Angli
479 3375 550 3429 illius
574 3370 715 3426 doctissimi
733 3374 761 3426 et
780 3370 967 3439 liberalissimi,
985 3373 1057 3428 cuius
1074 3373 1167 3428 huma-

100 3463 207 3518 nitatem
225 3462 305 3529 digne
321 3461 488 3530 praedicandi
505 3459 572 3514 alius
587 3458 637 3513 erit
655 3459 743 3524 locus,
765 3455 836 3508 aliud
859 3461 975 3523 tempus,
998 3464 1025 3511 et
1050 3461 1102 3524 al,
1119 3475 1185 3511 uec·

100 3563 154 3599 nou
178 3552 217 3602 tot
235 3552 358 3614 tantaque
379 3547 575 3600 benevolentiae
599 3543 756 3611 humanique
781 3539 862 3592 animi
884 3540 1031 3595 testimonia
1052 3542 1167 3609 laudaui,

100 3630 242 3694 Anglorum
258 3629 396 3697 imprimis,
415 3630 493 3699 (quos
512 3630 642 3699 hospitum
656 3626 748 3683 studiis
772 3623 932 3678 ambitiosius
953 3629 998 3676 aut
1017 3623 1168 3679 invidiosius

102 3708 223 3779 κειμήλια
240 3727 287 3763 sua
299 3714 436 3768 occludere
457 3719 484 3766 et
502 3712 654 3767 subtrahere
679 3724 815 3779 perperam
839 3709 955 3761 nonnulli
978 3707 1006 3759 iu
1029 3705 1170 3762 continenti

102 3799 221 3854 viventes
243 3795 341 3863 opinati
362 3793 457 3863 sunt,)
482 3803 512 3850 ut
534 3795 614 3850 Ducis
638 3794 829 3861 Mmlbcrocyb.
861 3792 968 3860 eiusque
997 3791 1170 3857 bibliothecae

102 3879 228 3951 praelecti
249 3879 384 3946 Vaughau.
407 3880 541 3947 monus,
567 3878 676 3932 Comitis
697 3881 816 3947 spurces.
844 3875 951 3943 eiusque
978 3874 1169 3930 bibliothecam.

103 3964 204 4018 nicom.
221 3969 248 4016 et
264 3963 420 4032 Appleyurd.
428 4000 436 4028 ,
455 3963 589 4017 custodum
605 3962 691 4016 Musei
709 3962 791 4028 Brit,
806 3957 1021 4014 bibliothecarum
1037 3958 1172 4011 oxonien-

102 4048 168 4102 sium
183 4053 209 4100 et
229 4045 494 4116 Cantabrigiensium,
515 4048 659 4116 Pbdllpss‘t,
685 4046 737 4101 Th.
757 4046 906 4108 meolati,
927 4043 1037 4106 deberi,
1061 4045 1170 4109 Baliari,

107 4134 194 4200 Vulpii
212 4130 389 4203 aliorumque,
422 4134 468 4186 scd
492 4131 571 4187 etiam
594 4131 728 4184 ostenditis
753 4126 832 4184 variis
854 4125 1009 4182 emendandi
1030 4124 1172 4199 rationibus

102 4217 295 4281 nonnullorum,
311 4214 368 4283 ipse
376 4254 385 4283 ,
404 4232 456 4271 uon
472 4221 501 4269 ut
518 4213 547 4266 in
564 4211 726 4285 Praedicorii
752 4209 857 4264 modum
879 4210 996 4264 luderem
1017 4214 1044 4264 et
1060 4209 1166 4278 pretim
