2564 4628
635 340 654 397 7

202 539 253 602 An
282 561 373 603 sacra
393 551 500 608 vatium
524 557 651 601 carmon
676 536 778 602 affero
800 550 975 603 noslrum„

143 753 328 766 ..μ-...Ν

112 879 174 931 dem
191 855 283 942 'glossa
301 895 316 929 a
335 886 359 936 1.
378 894 412 928 m.
433 879 492 930 data
510 882 556 959 est.
592 879 690 932 Erasae
708 884 794 931 tamen
812 861 902 944 uulgo⁸
913 884 972 932 sunt
987 879 1077 934 literae
1094 899 1185 950 suspe-

113 1017 178 1066 ctae.
214 1013 265 1067 Sic.
285 1014 358 1082 epist.
376 1015 410 1081 Π,
428 1017 453 1079 2,
471 1010 518 1067 83:

445 1171 480 1180 -
497 1170 532 1180 -
549 1168 584 1181 -
605 1169 638 1180 -
654 1147 808 1210 insenuitque

342 1268 441 1340 Libris,
457 1285 481 1327 ct
502 1279 604 1329 Curii
621 1284 706 1327 suanm
728 1279 878 1328 tautanius
890 1280 951 1328 emit.
971 1332 972 1335 ¹

110 1412 212 1462 Comm.
235 1410 312 1477 Cruq.
337 1410 370 1461 ad
387 1409 412 1461 li.
431 1411 448 1461 l.
466 1409 543 1462 habet
560 1411 640 1463 liaeo:
664 1418 691 1465 et
708 1417 791 1492 statua
810 1413 881 1463 Canii
898 1408 1058 1477 quantumvis
1075 1424 1179 1476 nnuma,

107 1549 181 1594 muta
204 1549 304 1607 manet,
331 1545 392 1596 licet
408 1561 439 1596 ea
457 1544 490 1597 sit
506 1561 588 1598 aeneo
609 1550 652 1599 uel
667 1547 787 1613 plumbea
803 1546 829 1597 in
849 1549 912 1597 urbe
927 1520 1011 1618 llonra
1028 1544 1179 1612 loquacissi-

106 1691 157 1726 ma.
200 1675 286 1728 Schol.
308 1643 431 1745 Porplryr.
458 1676 497 1729 his
519 1678 605 1731 verbis
631 1677 724 1730 utitur:
751 1678 881 1744 ingenium
899 1677 996 1730 scilicet
1014 1693 1046 1728 an
1068 1682 1177 1728 statuam

104 1825 154 1876 pro
172 1826 209 1880 re⁸
220 1801 334 1877 qualibet
350 1811 423 1876 dixit,
437 1828 469 1862 an
485 1811 546 1864 ideo
559 1827 617 1862 cum
631 1780 727 1877 duplen
740 1811 773 1861 sit
788 1812 921 1877 plumbeus
938 1807 996 1876 (sic.
1010 1811 1092 1862 Coilrl.
1103 1810 1175 1875 mei),

104 1958 165 1993 nam
190 1943 346 2010 Curius‘fin
369 1945 430 1996 edit.
455 1942 587 1995 Fabricii:
611 1943 735 2006 'l'urrius,
762 1942 788 1993 in
816 1945 856 1993 ed.
875 1943 990 2009 principe
1009 1946 1072 1996 Ven.
1093 1945 1176 1999 1481:

103 2074 198 2143 turios)
216 2079 250 2128 ob
267 2078 431 2130 seueritatem
447 2077 586 2130 taciturnus
603 2076 658 2130 fuit.
705 2075 807 2130 Scholia
829 2076 856 2126 in
876 2075 959 2127 cono.
977 2079 1104 2133 vetustiss.
1122 2080 1176 2131 Pa-

102 2208 189 2260 risinis
214 2210 245 2261 Ε.
270 2213 301 2262 Β.
321 2231 347 2279 φ.
378 2211 606 2280 (66661610.
629 2212 722 2263 librum
739 2215 764 2263 2.
784 2213 948 2278 epistolarum
964 2229 1017 2264 non
1035 2214 1175 2279 continent)
1248 2196 1251 2201 Ι

78 2339 85 2345 ’
105 2349 136 2403 et
156 2343 182 2394 in
209 2345 230 2396 C
232 2345 291 2420 odd.
309 2348 324 2398 1
342 2351 368 2398 et
387 2349 412 2398 2.
431 2345 505 2412 (Mss.
523 2346 595 2396 Harl.
614 2362 638 2397 n.
657 2343 861 2400 2725612688.
879 2347 905 2398 16
923 2347 989 2398 Mus.
1007 2345 1092 2410 Brit),
1108 2347 1174 2396 duo-

102 2479 153 2528 bus
172 2455 357 2544 antiquissimis
367 2478 409 2544 qui
426 2493 506 2542 penes
521 2479 620 2543 Anglos
637 2486 695 2530 sunt
712 2480 794 2532 Coun.
814 2428 962 2551 Venusinis,
988 2483 1078 2528 extant
1095 2479 1174 2530 liaeo:

104 2573 206 2662 Curius
217 2610 250 2661 ob
264 2608 382 2675 (nimiam
401 2612 424 2660 l.
443 2609 482 2675 2.)
500 2604 663 2662 seuefltatem
680 2576 890 2662 taciturnissimus
904 2609 951 2660 luit
965 2613 1106 2692 multasque
1121 2618 1175 2666 sta·

104 2751 162 2797 tuas
186 2761 341 2797 marmoreas
369 2744 439 2820 fecit·
463 2744 544 2795 Codd.
563 2745 711 2799 Urbinorat.
731 2764 755 2797 n.
776 2747 848 2798 1703.
867 2762 934 2797 saec.
953 2746 1002 2811 X„
1021 2747 1065 2812 qui
1083 2748 1173 2799 lectio-

106 2895 167 2930 nem
183 2881 316 2944 uulgarem
333 2879 447 2946 recepit,
468 2878 558 2930 scholii
576 2879 670 2930 veteris
687 2840 857 2945 fragmentum
875 2879 1058 2932 retinnit'boc:
1078 2880 1122 2961 qni
1140 2883 1174 2932 ob

105 3011 270 3062 seueritatem
287 2996 496 3075 taciturnissinms
514 2977 569 3063 snit.
605 2994 708 3064 Lectio:
728 2988 830 3077 Libris,
847 3019 873 3064 et
892 3013 964 3064 Curii
981 3017 1065 3064 statua
1082 3020 1137 3065 166..
1151 3030 1173 3065 6.

108 3141 220 3194 occurrit
241 3139 318 3191 otiam
343 3141 370 3190 in
387 3141 451 3192 Cod.
475 3143 599 3195 Bernensi
623 3144 654 3194 Α.
675 3142 721 3208 (de
739 3160 789 3208 quo
807 3142 861 3193 dixi
878 3143 919 3192 iu:
933 3185 935 3188 ,
948 3145 1033 3193 Neues
1049 3145 1175 3210 Arabius.

107 3278 197 3331 Philol.
221 3293 248 3330 n.
274 3275 370 3339 Piraian.
388 3273 463 3325 1829.
481 3289 506 3322 n.
526 3272 582 3338 56.)
589 3311 597 3337 ,
624 3274 651 3324 in
672 3275 754 3338 Regg.
772 3274 898 3324 Parisinn.
918 3276 939 3326 P
956 3281 982 3327 et
996 3275 1027 3327 R.
1035 3313 1042 3339 ,
1061 3274 1088 3326 in
1105 3276 1128 3326 F
1131 3277 1177 3327 lor.

108 3410 186 3459 Laur.
208 3409 275 3459 Plut.
298 3405 417 3458 XXXIV.
441 3406 643 3491 26666111.)
663 3413 689 3460 ot
704 3409 730 3459 in
750 3408 866 3460 Ricoaul.
887 3406 938 3462 590
956 3388 1035 3476 (saec.
1053 3412 1129 3479 XV.),
1150 3413 1178 3462 in

109 3543 226 3593 Ambros.
243 3543 276 3605 Ι),
284 3542 309 3594 9.
327 3539 440 3605 (dequo
458 3537 517 3591 uide
538 3539 638 3592 Anuall.
658 3541 699 3592 erl.
719 3558 734 3592 a
752 3542 841 3594 lalmio
859 3546 983 3612 183611,
1002 3547 1026 3598 4.
1045 3565 1070 3613 p.
1092 3547 1176 3600 427-

111 3675 157 3741 30)
180 3679 206 3724 et
226 3673 254 3722 in
275 3673 455 3738 antiquissimis
481 3673 564 3724 Codd.
589 3675 841 3732 Suecovaticanis'n.
865 3682 932 3734 1666
958 3688 984 3733 61
1005 3681 1072 3733 1675
1096 3682 1176 3748 (saec,

77 3765 81 3770 ἰ
109 3809 155 3876 Χ.)
173 3808 227 3859 Iam
248 3804 336 3857 Cuiac.
357 3807 385 3856 in
402 3809 540 3863 observatt.
558 3809 602 3860 lib.
621 3810 653 3875 X,
672 3814 753 3903 618.
773 3814 813 3864 ed.
829 3814 918 3865 Colon.
939 3811 1005 3866 1598
1023 3830 1049 3879 p.
1066 3814 1124 3869 560.
1144 3817 1181 3870 116

110 3939 244 4010 proposuit
275 3938 336 3990 inde
349 3940 449 4004 corrige
460 3957 525 4007 qirac
537 3941 564 3992 in
576 3941 678 3996 scholiis
690 3944 825 3998 Pulnianni
837 3949 877 4000 eil.
885 3936 946 3998 Nic.
957 3912 1117 4012 lioennigcri
1128 3950 1180 4000 Ba-

112 4072 151 4124 sil.
170 4072 238 4126 1580
255 4087 390 4139 perperam
408 4075 536 4155 exscripta
547 4076 673 4139 leguntur.
709 4079 737 4129 In
756 4081 812 4132 aliis
824 4081 906 4133 Codd.
921 4088 1002 4135 extat:
1020 4050 1181 4148 Onriisstat„

114 4219 165 4256 66.
175 4203 485 4264 1661661116666161585.
496 4209 575 4275 (socc.
586 4207 658 4274 ΧΠ.)
674 4192 705 4262 et
715 4209 773 4265 586.
787 4210 968 4280 (66661111),
983 4215 1058 4287 etsie
1066 4174 1205 4285 Panthus
