2564 4628
245 1275 320 1340 Hoc,
337 1273 458 1340 iuquam,
485 1276 547 1341 apte
574 1269 701 1327 dixerim
712 1273 746 1326 de
768 1270 989 1329 emme-timim·
1014 1280 1108 1332 nostris
1124 1288 1150 1341 et

291 1355 461 1423 coniecturis;
481 1373 544 1425 quas
560 1363 683 1437 spernunt
699 1357 773 1412 multi
790 1364 915 1427 repertas,
931 1338 1025 1415 sudent
1026 1365 1148 1458 ⁸nutltnrp

288 1441 316 1492 in
344 1438 513 1507 reperiendis.
553 1440 611 1493 Nec
634 1447 721 1497 tamen
744 1458 850 1511 operam
873 1443 951 1497 istam
969 1442 1046 1497 nimis
1070 1446 1148 1500 etiam

286 1523 406 1576 vendito:
427 1523 473 1591 (ad
490 1524 590 1577 maiora
605 1526 733 1594 quaedam
751 1533 778 1580 et
792 1524 885 1581 altiora
897 1542 964 1582 roco
978 1525 1147 1599 iuventutem,

287 1616 313 1677 et
334 1610 367 1661 ad
385 1608 560 1677 Sapientiae'
552 1625 637 1677 1psum
657 1611 778 1679 collem):
806 1613 853 1664 sed
871 1611 961 1664 utilem
976 1617 1076 1667 tantum
1093 1618 1147 1668 cle·

285 1708 345 1753 mo,
373 1700 399 1745 et
416 1693 484 1746 inter
502 1693 663 1746 necessarios
680 1692 812 1748 doctrinae
829 1701 974 1763 apparatus.

549 1818 553 1825 ¹
597 1796 660 1847 luet.
679 1796 786 1874 lipsius
802 1795 885 1863 prael.
904 1811 967 1863 opp·
983 1795 1049 1851 criti.

75 2003 169 2106 Non
199 2053 250 2104 est
278 2042 364 2126 quod
393 2043 567 2121 miremur,
596 2046 705 2108 varias
733 2056 767 2106 et
788 2061 1023 2127 saepenumero
1045 2034 1152 2141 plane

75 2152 337 2251 sibi-‘oppositas
364 2171 401 2221 ut
428 2160 464 2221 in
492 2181 617 2247 quaque
648 2164 695 2225 ita
714 2161 865 2245 inprimis
884 2161 920 2223 in
940 2161 1053 2225 critica
1073 2151 1143 2237 arte

75 2275 195 2337 tentari
212 2275 283 2338 vias
304 2276 344 2341 ab
363 2276 562 2359 hominibus,
580 2274 698 2364 quibus
718 2276 759 2342 ob
775 2280 924 2362 insignes
943 2279 1071 2362 ingenii
1089 2283 1144 2344 do-

19 2463 28 2470 ,
76 2402 128 2452 tes
160 2410 226 2452 non
257 2387 365 2459 minus
395 2400 490 2480 quam
521 2394 775 2458 ob'immensam
796 2401 972 2458 accuratae
990 2375 1145 2456 eruditio·

76 2506 131 2567 nis
162 2508 288 2589 copiam
318 2512 565 2573 uenerationem
592 2511 754 2594 denegare
785 2521 931 2569 nostram
964 2486 1146 2591 nequimus,

78 2644 225 2709 quosque
260 2645 320 2688 nec
348 2628 497 2689 veritatis
528 2647 637 2688 amore
661 2638 695 2687 et
715 2624 823 2688 studio
846 2645 956 2687 carere
981 2645 1041 2687 nec
1063 2627 1147 2688 iudi·

78 2743 122 2804 cii
144 2744 382 2805 exercitatione
404 2756 438 2806 et
459 2743 626 2826 elegantia
649 2741 745 2806 nobis
760 2742 994 2827 persuasimus.
1023 2740 1146 2806 'Nimi-

77 2881 151 2922 rum
166 2882 224 2923 sua
242 2862 378 2945 quisque
395 2873 451 2924 aut
468 2861 703 2924 consuetudine
726 2838 931 2944 potissimum
947 2873 1002 2923 aut
1019 2864 1147 2944 opinio·

77 2998 119 3038 ne
145 2970 294 3052 trabitur3
314 2974 469 3062 permulti
490 2980 589 3040 etiam
614 2975 833 3039 subsidiorum
851 2980 1065 3037 vetustiorum
1088 2956 1146 3061 pe-¹

78 3092 175 3155 nuria
195 3091 347 3154 laborant
367 3116 543 3178 eorumque
560 3096 628 3157 sive
645 3093 950 3177 ignorantpretium
969 3092 1038 3150 sive
1052 3113 1145 3154 usum

77 3207 263 3293 repudiant.
308 3205 356 3270 Ac
380 3210 518 3290 primum
544 3211 674 3292 quidem
699 3204 898 3270 consuetudo
916 3225 1066 3289 magnum
1084 3212 1148 3272 uti-

81 3349 143 3413 que
172 3329 207 3389 iu
226 3349 262 3388 re
286 3325 399 3388 critica
417 3326 486 3387 vim
509 3320 661 3388 exercuit
680 3318 840 3406 hodieque
865 3335 1012 3385 exercet.
1053 3325 1147 3389 Alte-

77 3467 152 3511 rum
186 3446 273 3507 enirn
306 3443 443 3507 alterius
471 3444 536 3507 viri
565 3436 807 3531 nptrtnmru'rov
837 3441 979 3523 vestigia
998 3466 1147 3526 premere
1177 3420 1179 3424 Α

77 3565 248 3644 videmus,
276 3560 415 3625 alterum
444 3560 580 3625 alterius
601 3571 776 3644 praecepta
798 3579 870 3620 cum
892 3579 989 3621 caeca
1011 3564 1148 3627 adrnira-

80 3685 172 3747 tione
196 3681 361 3764 accipere,
394 3681 508 3766 cupide
532 3676 712 3757 imbibere,
734 3674 892 3760 religiose
914 3681 998 3739 tueri
1019 3693 1051 3740 οι
1075 3650 1147 3747 cunl

79 3804 136 3887 pia
158 3797 295 3885 quadam
314 3795 379 3858 fide
401 3771 574 3877 adhibere,
597 3796 716 3858 nedum
737 3792 858 3857 blanda
878 3805 911 3856 et
932 3795 1046 3858 servili
1066 3800 1148 3865 adeo

81 3919 265 3984 constantia
281 3927 315 3978 et
332 3911 552 3980 obstinatione
566 3913 734 3999 (videlicet
748 3913 948 3997 neutiquam,
967 3920 1149 3998 quominus,

83 4060 147 4124 quo
171 4038 306 4123 quisque
327 4030 428 4109 volet,
450 4032 581 4095 nomine
604 4029 768 4115 appellet,
787 4028 959 4112 impedio),
982 4051 1019 4092 ac
1041 4032 1070 4091 si
1091 4030 1150 4095 ho-

82 4157 190 4219 miues
211 4151 332 4216 eruditi
351 4148 511 4225 formulae
534 4147 670 4230 collegii
692 4143 847 4229 opificum
873 4144 1012 4209 alicuius
1034 4145 1150 4211 adstri-

83 4272 129 4335 cti
153 4289 239 4345 esse‚
264 4279 320 4331 aut
338 4267 430 4350 ipsae
449 4265 566 4329 literae
586 4260 733 4326 submitti
748 4257 810 4324 ulli
822 4257 892 4345 legi
905 4274 1042 4344 possent
1052 4284 1152 4346 qrae-
