2564 4628
599 348 656 390 xs'l

100 567 296 635 luculentius
317 566 400 633 adeo
422 589 495 635 cum
518 570 562 634 sit
593 572 807 647 consdtutus,
842 571 974 661 legendi
1000 571 1179 639 difficultas

101 687 201 775 longe
222 690 327 755 minor
348 697 416 763 est,
452 691 569 754 certior
597 703 705 756 autem
735 689 971 776 discrepantiae
992 691 1173 758 lectionum

103 806 238 870 notatio.
287 801 546 890 orthographiae
568 830 676 872 curam
697 827 796 892 agere
818 827 860 871 ne
884 794 1033 888 taedeat,
1061 834 1173 897 quam·

106 923 158 985 ris
181 919 262 985 nihil
281 920 316 983 in
334 920 396 987 hac
417 943 453 985 re
475 928 676 990 constantius
705 926 923 990 inconstantia
945 949 1017 991 esse
1037 928 1176 1014 largiar.

107 1036 191 1105 Nam
225 1059 310 1104 nunc
342 1043 553 1110 vetustiorem
586 1045 745 1128 originem
780 1045 908 1131 prodit,
943 1067 1029 1109 nunc
1059 1047 1178 1111 aetatis

109 1154 272 1220 scribendi
286 1178 407 1222 morem
424 1173 479 1222 aut
495 1163 684 1227 correctoria
703 1161 832 1251 modum
847 1160 999 1230 ostendit.
1029 1163 1182 1231 Eundem

111 1271 251 1360 denique
271 1289 427 1343 attentum
449 1281 591 1345 animum
613 1282 751 1367 requirit
768 1280 920 1367 periodos
938 1302 995 1367 per
1009 1283 1105 1365 signa
1127 1282 1185 1354 di-,

111 1390 414 1474 stingueudiratic.
457 1399 551 1461 Licet
571 1399 658 1462 enim
687 1401 801 1483 negari
830 1411 987 1483 nequeat,
1022 1400 1057 1462 ih
1089 1399 1194 1465 edita

115 1518 194 1570 vett.
221 1508 357 1573 subinde
385 1514 498 1575 versus
529 1515 669 1599 quinque
697 1525 753 1575 eut
773 1533 836 1577 sex
855 1524 913 1575 aut
932 1512 1041 1594 plures
1061 1537 1189 1600 perpe-

116 1634 191 1685 tuos
212 1626 300 1686 omni
320 1627 579 1711 interpunctione
596 1630 627 1715 t)
648 1650 775 1709 carere,
796 1628 892 1716 idque
915 1640 1048 1715 propter
1068 1630 1189 1697 incon-

106 1738 234 1805 ¹sultam
262 1743 469 1810 omissionem
487 1745 583 1810 nihili
603 1736 786 1811 habendum
814 1749 877 1824 sit,
914 1759 1022 1810 tamen
1044 1743 1102 1811 ubi
1123 1768 1189 1814 ex-

117 1869 194 1936 stat,
215 1864 396 1927 accuratius
415 1883 487 1928 eam
509 1878 679 1951 propterea
700 1874 823 1942 enotes,
845 1850 932 1949 quod
954 1884 1021 1927 non
1041 1886 1116 1928 raro
1139 1856 1190 1930 ibi

50 2032 56 2044 ,
117 1978 226 2060 posita
246 1979 384 2045 consilio
405 1978 464 2046 est
506 1978 643 2047 Videe.
665 1966 693 2048 ε’
716 1983 801 2047 inira
821 1980 979 2047 lectiones
999 1979 1041 2045 ad
1064 2003 1094 2047 v.
1111 1986 1168 2046 22.

212 2122 332 2229 Quoad
350 2108 605 2246 aestimationem
622 2102 799 2242 editionum
815 2168 895 2219 vett.
917 2153 979 2218 hoc
999 2171 1099 2217 unum
1112 2150 1189 2217 dico

122 2280 218 2358 atque
239 2271 274 2333 in
291 2270 354 2341 hoc
376 2247 507 2363 desino,
532 2272 683 2335 Codicum
704 2276 840 2335 omittunt
871 2278 908 2334 et'
931 2289 1028 2333 manu
1049 2275 1192 2352 scripto·

122 2410 192 2453 runt
214 2398 279 2452 att
274 2395 369 2475 ppei
377 2406 569 2461 excusorum
589 2393 792 2452 iustissimam
818 2366 974 2453 iudicium
994 2392 1126 2451 aenaim
1144 2407 1191 2450 ecc

121 2527 242 2588 gnara,
263 2529 301 2570 re
302 2509 422 2595 ligicsa
445 2514 479 2568 et
489 2514 607 2589 perpet
607 2527 651 2577 aa
664 2506 939 2589 plasmarem
959 2525 1076 2569 cartae
1096 2511 1193 2567 aeta-

126 2628 168 2684 tis
193 2617 409 2706 indagatione
443 2629 479 2686 et
503 2629 670 2706 synoptico
701 2628 941 2706 comparatione
965 2608 1139 2705 proficisci
1159 2631 1197 2684 et

117 2738 217 2818 ferri
230 2712 334 2819 posse.
380 2734 671 2820 Nimirumlqerbis
693 2739 752 2799 vix
766 2748 876 2820 potest
898 2736 979 2810 dici,
1014 2755 1109 2818 quam
1137 2757 1195 2798 su-

124 2854 326 2945 perstitiosa,
359 2828 467 2933 atita
494 2855 617 2931 dicam,
646 2853 862 2944 ¹reuerentia,
905 2860 1065 2936 quantove
1083 2848 1196 2916 taedio

197 3094 225 3164 *)
242 3097 323 3151 Sicuti
341 3097 445 3152 omnino
461 3101 576 3153 laborem
595 3100 660 3151 duco
676 3095 839 3151 utilissimum
862 3095 945 3160 hunc,
979 3098 1008 3147 ut
1035 3090 1195 3158 singulomm

128 3183 279 3252 scriptorum
297 3184 380 3237 editor
397 3201 456 3237 suas
473 3184 580 3253 quisque
597 3183 722 3237 editiones
736 3186 791 3249 vel,
810 3182 938 3250 siquidem
955 3195 1001 3247 per
1017 3174 1197 3246 opportunita-

130 3275 184 3320 tem
201 3273 245 3318 aut
261 3268 318 3318 aliis
334 3269 367 3320 de
390 3269 474 3321 causis
498 3268 590 3334 liceat,
622 3268 776 3336 inquirendo
797 3275 842 3321 aut
866 3265 986 3319 emendet
1002 3267 1048 3313 aut
1066 3261 1197 3324 adaugeat

131 3355 270 3417 catalogos,
282 3369 356 3421 ‚quos
371 3353 514 3409 industriae
532 3360 561 3406 et
575 3353 659 3407 labori
677 3352 912 3419 bibliographorum
929 3355 961 3422 et
971 3350 1088 3400 veterum
1104 3348 1131 3394 et
1151 3359 1197 3395 re-

132 3435 272 3488 centiorum
291 3437 428 3502 debemus,
461 3437 500 3489 sio
516 3453 612 3504 operae
629 3436 755 3503 pretium,
786 3433 889 3501 opinor,
922 3431 1019 3482 iaceret
1035 3428 1073 3492 is,
1099 3427 1196 3495 quiex

131 3518 238 3584 singulis
261 3525 323 3573 vett.
354 3520 565 3589 impressionibus
586 3519 672 3574 varias
696 3516 895 3584 interpungendi
919 3514 1033 3566 rabones
1057 3529 1197 3580 earumque

132 3603 264 3656 historiam
283 3611 389 3657 enotare
406 3613 483 3674 atque
503 3603 607 3671 synopsi
621 3601 750 3655 variorum
769 3605 884 3655 locorum
909 3604 937 3653 et
960 3614 1083 3650 annorum
1100 3598 1197 3650 addere

131 3690 216 3743 vellet.
254 3691 337 3745 Quem
353 3696 406 3745 tam
422 3690 556 3763 splendida
572 3688 708 3755 suppellex
728 3687 846 3741 adiutura
863 3689 944 3748 esset,
963 3689 991 3736 ut
1008 3683 1198 3752 Amilcynnlum

133 3774 195 3824 satis
222 3774 372 3828 instructum
407 3768 578 3827 bibliothecae
611 3771 801 3839 Spencerianae
832 3770 941 3821 alterum
968 3766 1197 3830 bibliothecarium,

134 3858 211 3909 etiam
231 3865 308 3927 etque
328 3860 406 3913 etiam
423 3866 451 3910 ut
469 3858 496 3909 id
514 3857 663 3925 susciperet,
683 3856 744 3908 olim
760 3853 858 3919 rogavi.
895 3855 1017 3918 Classius,
1038 3853 1127 3902 doctor
1143 3866 1201 3901 me-

133 3941 233 3994 dicinae
244 3943 465 4002 Francosurtensis
485 3958 508 3995 a.
530 3943 567 3995 M.
585 3948 704 4009 typorum
722 3939 902 4005 gratissimus,
921 3942 1011 4004 litam,
1028 3933 1158 4001 professor
1177 3940 1203 3986 et

134 4024 343 4082 bibliothecarius
360 4027 570 4095 argentinensis,
589 4033 615 4078 et
633 4024 692 4087 alii,
710 4022 754 4090 qui
771 4021 824 4075 iam
841 4023 1005 4074 innotuerunt
1022 4018 1203 4084 bibliographi,

137 4113 165 4160 ut
182 4111 239 4162 Van
258 4114 385 4176 Proeliis,
405 4111 524 4178 liberius,
540 4110 673 4164 Bardilius
690 4123 779 4174 meus,
797 4105 853 4161 i'iri
869 4103 1010 4189 ueremni,
1029 4105 1061 4156 al.
1080 4103 1207 4155 lubentis-

135 4191 199 4247 sime
220 4207 267 4249 sua
287 4195 440 4259 conterreat,
