2564 4628
469 352 515 435 ᾗ
573 376 632 422 xix

66 564 237 632 tellexisse
266 564 327 629 sub
354 560 454 628 verbo
486 571 586 639 „vett
617 557 734 624 editt.“
761 556 928 638 videatur„
970 562 1072 629 maius
1093 562 1134 628 iis
1198 532 1202 543 ¹

66 687 207 769 pretium
232 680 432 768 adsignauit,
460 699 555 764 quem
572 677 718 764 iptorum
742 673 846 741 Cedd·
867 675 1024 743 Masonem,
1046 683 1135 745 teeti·-

65 801 196 865 mouiis.
239 795 323 873 Quid
343 820 407 885 ego
429 796 471 862 de
490 796 553 861 hae
572 816 609 860 re
628 796 784 873 tentiam,
805 796 841 859 in
859 794 984 881 aliquot
998 795 1134 861 adnote-

67 916 214 987 tionibus
243 917 415 984 estendere
444 926 581 982 eonetns
612 925 668 978 aut
691 911 829 979 liberius
858 911 1026 1000 professus
1043 932 1132 989 tum,

66 1047 103 1098 at
123 1035 199 1121 quid
220 1046 374 1121 praestet,
394 1055 431 1098 re
451 1044 566 1118 suapte
587 1033 741 1099 munitur.
771 1027 916 1117 ,Quippe
934 1031 1067 1097 minime
1081 1052 1135 1096 ea-
1183 1014 1196 1039 ⁶

66 1169 141 1217 rere
164 1156 261 1220 etiem
281 1173 367 1218 nune
388 1168 582 1235 possumus,
611 1149 659 1211 uti
679 1149 715 1209 iu
742 1144 881 1210 Horatio
910 1148 1071 1231 (conferet
1093 1149 1134 1216 Τ.

68 1266 291 1350 Sehmidium‚
331 1267 447 1332 Virum
475 1263 560 1328 doet.
588 1258 694 1347 deque
718 1258 846 1324 Horatii
877 1263 1024 1347 epistolis
1051 1266 1134 1330 bene

65 1386 236 1464 meritum,
257 1387 313 1471 qui
334 1403 429 1449 secus
446 1379 568 1446 iudicat
588 1377 666 1445 Vol.
685 1375 710 1443 Ι.
732 1379 833 1463 praef.
851 1401 885 1466 p.
904 1375 1016 1461 vm),
1036 1381 1082 1445 sie
1102 1382 1138 1447 in

67 1498 200 1578 Persio,
245 1504 401 1588 scriptore
433 1520 560 1587 queque
593 1496 663 1563 fere
693 1495 824 1563 saecule
857 1497 1053 1582 permultum
1086 1500 1138 1565 le-

68 1626 121 1679 ete
156 1628 190 1679 et
224 1633 357 1685 exorato
397 1631 494 1705 atque
531 1618 617 1683 inter
649 1614 847 1682 diffieilieres
883 1615 1075 1685 difficillime
1091 1623 1137 1704 d),

69 1753 143 1798 eum
171 1750 320 1804 accurato
359 1736 505 1802 codicum
536 1736 824 1801 vetustissimorum
860 1739 1013 1802 examine
1019 1783 1031 1818 ,
1070 1749 1138 1803 tum

71 1849 254 1934 glossarum
299 1855 495 1938 cognitione.
571 1852 668 1930 Quod
704 1863 739 1913 nt
775 1850 1010 1936 quodammode
1052 1879 1138 1922 eem-

66 1967 251 2052 prebarem,
272 1971 398 2056 glossas
418 1968 594 2034 nonnullus
613 1971 659 2035 ex‘
680 1979 759 2033 vett.
783 1968 886 2034 Codd.
914 1973 997 2035 meis
1016 1975 1136 2058 petitae

68 2084 193 2169 passim
214 2086 370 2173 adposui,
393 2110 453 2153 nee
474 2108 538 2151 neu
560 2087 643 2151 hane
665 2085 707 2152 eb
729 2108 813 2166 rem,
848 2109 889 2152 ne
918 2089 953 2152 in
973 2091 1137 2176 vitupera·

67 2201 191 2267 tionem
210 2204 408 2270 incurrerem
430 2225 549 2281 eorem,
572 2204 625 2290 qui
647 2215 775 2268 tenuem
796 2202 1136 2293 sterilemque'leetio-

66 2337 145 2383 num
166 2325 359 2388 variantium
378 2320 612 2409 supellectilem
634 2332 673 2383 et·
685 2322 804 2387 vietum
826 2327 917 2410 quasi
938 2301 1117 2392 fastidiant.

153 2435 327 2505 Editiones
354 2460 443 2504 meas
462 2437 566 2504 literis
587 2439 744 2524 insignire
764 2439 930 2503 brevitatis
953 2461 1048 2505 eausa
1069 2443 1139 2528 pla-

69 2554 154 2634 cuit,
173 2567 271 2640 preut
299 2576 380 2643 epus
407 2557 478 2620 fuit.
524 2552 592 2618 Vbi
612 2559 717 2619 maier
742 2577 817 2640 pars
843 2556 1009 2622 literarum
1028 2574 1140 2626 notata

70 2682 106 2735 te
129 2673 319 2753 offenderit,
350 2676 491 2753 (nauseo
514 2670 638 2736 seilicet
657 2672 770 2737 audire
792 2695 849 2739 eet
884 2678 993 2741 omnia
1021 2678 1138 2744 diiudi-

71 2802 183 2855 eantes
206 2791 357 2872 arbitros,
377 2811 511 2879 querum
532 2791 661 2854 unicum
681 2792 846 2875 negotium
861 2805 911 2856 est
926 2795 1137 2882 vituperare):

69 2905 164 2987 hine,
195 2921 228 2972 et
254 2910 329 3006 hine
359 2906 579 2985 solummodo,
614 2890 746 2994 precer,
774 2908 893 2974 fectum
913 2923 1010 2997 puta,
1041 2912 1138 3001 quod,

71 3045 155 3108 quae
180 3029 216 3089 in
236 3029 354 3093 itinere
377 3029 417 3095 ad
437 3029 517 3093 duas
537 3025 697 3091 editiones
718 3048 795 3092 eesu
813 3027 1154 3123 quedemimprevise·

69 3140 219 3206 conferre
242 3158 370 3210 coaetus
393 3168 497 3223 eram,
520 3143 639 3210 eortius
660 3156 791 3211 enotata
811 3143 890 3209 dare
912 3143 1022 3224 malui,
1045 3168 1139 3234 quam

74 3449 279 3506 meriteeewertire
298 3453 437 3518 Verimtte,
466 3451 576 3503 sordem
598 3448 662 3503 anei
677 3448 858 3513 {interemere
880 3452 933 3504 sici
953 3452 1017 3506 enci
1035 3455 1141 3506 eniterer

75 3537 244 3605 Bmecdtwtp
263 3539 304 3588 ele
321 3538 362 3591 die
383 3539 468 3602 Quede
485 3536 712 3589 maurataneae
729 3537 841 3603 erpeberr,
854 3537 903 3597 ⁸die
922 3553 970 3589 een
988 3540 1037 3589 dee
1053 3554 1145 3591 notens

76 3621 269 3687 Heratepebem
300 3627 347 3676 mit
371 3623 603 3690 aevepieteoztctwr
624 3623 826 3689 Neritiassr‘yiteit
850 3620 926 3689 (ergo
945 3639 989 3674 eas
1007 3620 1080 3674 edire
1096 3640 1147 3690 po-

79 3699 192 3766 terant!)
207 3707 248 3756 ele
265 3709 397 3762 Oerrieeter
414 3711 482 3761 eines
498 3708 566 3761 ihrer
587 3709 731 3774 Verpt't'nper
754 3712 801 3762 etit
818 3711 915 3763 stoker
935 3708 1089 3774 Venettmp
1110 3708 1151 3763 det·

76 3790 146 3842 sete
159 3791 288 3856 qewotpee
297 3794 405 3868 ,worden
424 3795 466 3846 ist.

146 3870 176 3938 *)
199 3873 274 3927 Cenf.
299 3875 331 3926 F.
347 3875 377 3927 C.
397 3877 492 3943 Scalig.
508 3873 626 3943 hyperer.
654 3891 680 3941 p.
698 3875 758 3928 838.
799 3873 869 3927 Hine
893 3877 991 3929 nullum
1014 3882 1146 3932 teutomen

76 3975 200 4027 respuere
224 3960 313 4024 decet,
349 3961 418 4027 quod
434 3954 560 4013 tantulum
582 3959 647 4014 lueis
664 3959 758 4013 efferre
774 3960 864 4012 Persio
882 3959 980 4026 possit,
1016 3977 1048 4013 ee
1068 3962 1145 4014 doleo

75 4044 315 4112 vehementissime,
333 4062 417 4114 neque
435 4047 567 4113 Dresdae,
594 4062 680 4114 neque
700 4044 804 4111 Lipsiae
829 4043 994 4100 nevudmam
1011 4045 1145 4113 deprime

75 4128 155 4183 satira
173 4130 370 4198 disputationem
387 4134 496 4194 itineri,
512 4132 569 4184 viri
580 4131 651 4183 doeti
667 4130 871 4197 Marburgensis,
889 4131 916 4184 in
929 4145 1013 4185 meum
1029 4128 1144 4198 potuisse

76 4231 150 4270 usum
168 4224 326 4270 convertere.
364 4217 441 4274 Quod
459 4217 487 4270 in
504 4215 642 4282 prodromo
659 4212 772 4267 aeormdo
790 4230 849 4268 meo
866 4215 1017 4284 propediem
1033 4215 1086 4269 fiet.
