2564 4628
616 360 712 436 'xtttt

145 576 300 651 nominis3
335 576 410 655 elii,
438 586 472 639 et
498 573 561 657 ipsi
586 567 745 648 editores,
772 568 1039 640 Commentatoris
1055 580 1216 664 nomem)

145 713 217 757 cum
235 689 309 756 loco
328 692 550 780 impressionis
567 699 765 775 permutant,
801 690 861 756 alii
887 692 1026 780 denique
1047 694 1148 761 multa
1170 695 1215 759 de

145 806 298 873 editionis
311 810 489 895 cuiuspiam
502 809 590 893 typis
598 805 915 893 insulsaprolixitate
932 811 1161 896 garrulante).
1173 826 1214 860 -'

232 921 356 991 Cuncta
380 925 462 990 haec
482 900 625 1010 praefari
645 925 698 990 hic
720 934 785 991 nun
801 927 861 992 ebs
878 952 913 992 re
936 930 1076 993 alienum
1098 928 1212 1006 habui,

146 1041 242 1108 adeo‘
256 1053 292 1106 ut
321 1040 395 1108 Viri
430 1042 519 1110 docti
547 1042 722 1129 idoneique
744 1043 857 1109 barum
878 1066 985 1109 rerum
1005 1045 1116 1108 arbitri
1139 1066 1215 1128 per-

145 1162 300 1244 spiciant,
322 1161 400 1248 quid
422 1183 484 1248 ego
507 1159 668 1227 voluerim
688 1175 784 1250 atque
807 1164 930 1248 egerim
957 1176 990 1227 et
1008 1185 1065 1227 eur
1085 1163 1133 1225 ita
1155 1182 1214 1225 vo-

68 1252 78 1262 ,
145 1275 260 1343 luerim
279 1290 375 1364 atque
394 1280 527 1364 egerim.
554 1277 714 1364 Proposui
735 1279 864 1366 quidem
881 1302 944 1365 ego
962 1279 1215 1364 discrepantiam

144 1393 321 1463 editionum
337 1395 636 1478 'annosissimarum
657 1395 781 1473 Persii,
810 1418 875 1461 non
905 1397 1054 1462 dubitans
1085 1408 1215 1482 gratam

144 1533 216 1575 eam
236 1512 308 1577 iore
329 1509 505 1597 philologis
525 1505 699 1595 Nostrique
721 1511 926 1574 amatoribus.
973 1514 1018 1576 At
1051 1517 1136 1576 enim
1161 1525 1216 1577 est

144 1629 328 1711 nuperrime
336 1630 398 1708 aar)
418 1629 483 1712 qui,
503 1625 583 1689 licet
599 1626 708 1709 potius
729 1627 889 1694 editiones
910 1627 1030 1693 saeculi
1044 1623 1137 1693 XVI.
1160 1630 1215 1692 in-

144 1798 352 1817 Μ

144 1946 269 2012 linquae
296 1946 404 2003 multum
428 1947 513 2001 adbuc
535 1950 707 2003 verecundiae
732 1949 853 2019 antiquae
881 1954 907 2003 et
930 1945 1084 2014 frugalitatis
1099 1946 1211 2014 jretinet

141 2036 284 2083 asservat.

208 2111 236 2179 *)
257 2114 493 2182 sindebauldus,
514 2116 747 2185 Gallicuseditor,
775 2119 916 2172 editionem
941 2119 1068 2185 Scipionis
1094 2117 1210 2167 Ferrarii

141 2213 167 2262 p.
187 2196 307 2251 xxvltt.
321 2200 461 2253 editionem
469 2201 651 2255 Ferrarensem
672 2209 795 2255 autumat.
818 2205 854 2255 At
868 2204 942 2266 liber,
961 2209 991 2255 ut
1008 2201 1064 2268 ipse
1081 2200 1166 2252 editor
1182 2206 1210 2251 et

140 2281 281 2349 interpres,
298 2283 413 2336 Venetus
430 2289 483 2349 est,
500 2285 528 2337 id
546 2287 615 2354 quod
631 2303 666 2340 ex
683 2287 813 2355 epistolis,
831 2302 899 2355 quae
915 2287 1016 2349 insum,
1037 2285 1100 2336 satis
1117 2299 1209 2352 super-

141 2382 192 2434 que
211 2372 291 2435 patet.
307 2367 367 2422 vide
383 2367 429 2420 inf.
449 2368 491 2421 ed.
510 2370 542 2422 0.

175 2450 219 2520 **)
238 2454 297 2506 Hoc
310 2468 344 2506 ne
361 2457 437 2520 putes
451 2453 612 2520 arrogantius
622 2454 717 2508 dimum
728 2455 761 2508 de
777 2453 818 2519 iia,
837 2468 904 2522 quae
919 2451 947 2504 in
958 2452 1000 2505 ed.
1013 2450 1086 2504 Fene
1104 2448 1208 2517 (Bothe.

144 2539 203 2594 Vol.
222 2541 243 2591 L
263 2557 294 2608 p.
309 2538 509 2607 Xth-Ltt.)
534 2540 645 2593 disserta
673 2547 733 2596 sont
758 2542 791 2594 de
816 2539 930 2593 editione
950 2537 998 2590 illa
1020 2534 1210 2589 Mediolanensi

142 2622 234 2690 prima.
268 2624 344 2677 Quae
359 2621 387 2672 in
403 2623 546 2678 Annalibus
563 2625 645 2677 labnii
663 2644 688 2693 p.
706 2624 838 2679 tel-53
861 2630 914 2677 not.
931 2625 955 2676 3.
980 2621 1078 2684 obieci,
1096 2624 1125 2671 ut
1142 2617 1209 2670 vali-

120 2743 123 2749 ·
143 2707 184 2760 dis
198 2704 352 2758 testimoniis
367 2704 546 2773 Van-Prasitii
561 2709 679 2761 Dibdiaii
695 2715 721 2761 et
737 2708 851 2769 Heberi,
870 2706 1022 2756 arbitrorum
1038 2699 1210 2766 locupletissi-

141 2807 256 2855 morum,
271 2787 436 2855 quibuscum,
454 2788 534 2843 libros
550 2806 627 2843 mauu
644 2796 750 2853 teneus,
764 2786 918 2840 seutentiam
934 2798 1019 2835 meam
1033 2781 1209 2833 communica-

143 2878 218 2940 bam,
248 2871 339 2927 studiis
360 2871 484 2922 Romanis
507 2877 566 2923 sunt
590 2873 747 2925 confirmatu.
787 2870 876 2923 Primo
899 2868 1023 2935 adspectu
1045 2864 1209 2916 error.Feae

142 2958 207 3013 m'bi
224 2955 351 3025 apparuit,
363 2969 423 3007 nam
441 2956 586 3020 exemplum
596 2954 776 3007 Geminiacum
792 2954 884 3007 eadem
901 2957 941 3005 est
959 2950 1039 3004 editio
1057 2947 1110 3013 illa,
1130 2963 1208 3014 quam

142 3040 268 3110 prolixius
285 3036 427 3106 descripsit.
463 3035 539 3089 coni.
557 3037 642 3090 Maitt.
667 3054 692 3105 p.
713 3039 773 3092 767.
816 3039 858 3090 De
874 3038 951 3090 Bure.
969 3037 989 3101 l,
1008 3036 1067 3089 312.
1102 3034 1207 3084 Brunet.

140 3127 174 3193 ll,
191 3128 234 3179 22.
259 3124 326 3178 Bihl
344 3126 438 3193 Spenc.
457 3121 489 3186 ll,
507 3121 550 3175 66.
584 3121 726 3174 Mitscberl
744 3124 765 3175 1.
782 3140 807 3192 p.
819 3124 873 3175 LV.
906 3123 996 3176 Ehert.
1013 3120 1142 3174 n.10119.
1167 3118 1208 3170 De

138 3215 202 3265 vett.
220 3209 430 3276 impressionibus
446 3205 555 3270 Horatii,
575 3222 646 3273 quas,
666 3223 820 3277 quamquam
837 3208 1002 3276 plurimarum
1019 3204 1144 3258 lectiones
1160 3218 1208 3268 ap-

137 3298 242 3362 paratus
257 3291 477 3357 Babiogtonianus
494 3289 557 3342 mihi
570 3289 711 3360 offerebat,
727 3293 872 3359 religiosius
889 3299 975 3345 tomen
991 3291 1019 3342 in
1038 3286 1124 3342 Gallia
1140 3291 1166 3338 et
1180 3287 1208 3336 in

136 3375 232 3443 Anglia
247 3374 281 3427 ad
300 3376 407 3427 verbum
428 3365 537 3439 contuli,
556 3390 603 3427 suo
621 3381 738 3444 tempore
756 3380 865 3443 locoque
882 3376 977 3427 dicam.

204 3457 265 3526 ***>
284 3457 384 3512 censor
401 3457 448 3510 ille
463 3457 581 3524 sagacior
594 3460 622 3512 in
631 3461 696 3512 diar.
708 3460 827 3512 scholast.
838 3461 910 3512 1833.
928 3475 962 3508 m.
971 3454 1052 3522 April.
1071 3450 1205 3519 t.’p.3l·t.

138 3545 176 3599 ita
190 3543 304 3598 iudicat:
333 3542 364 3611 je
385 3543 455 3596 meir
477 3543 539 3595 uber
562 3546 608 3596 der
629 3544 804 3610 Hercaeyeber
821 3543 872 3608 aas
887 3542 928 3593 die
949 3540 1131 3592 Stimntmzobl
1147 3535 1208 3605 (der

138 3625 348 3695 Hmdsrbrtfterr)
367 3628 440 3693 eiebt,
458 3627 528 3679 desto
544 3628 646 3680 leicbter
661 3630 728 3680 wira
746 3645 774 3680 er
786 3628 863 3679 ilcmb
879 3629 919 3678 ein
935 3624 1073 3692 verjltbrtes
1093 3627 1207 3676 Glossem

139 3716 193 3766 irre
205 3716 305 3780 yelettet
312 3753 322 3780 ‚
353 3714 406 3765 aad
427 3712 533 3764 resbaco
559 3714 609 3764 wir
626 3713 695 3764 daca
710 3715 753 3765 ‹b‘e
770 3714 844 3765 teicbt
859 3712 1005 3763 erllltrb'rbe
1023 3711 1119 3777 Gesulrr
1140 3711 1208 3761 eicer-

141 3799 285 3863 cimeitiqen
305 3797 418 3850 Vorticbe
437 3795 481 3862 iiie
499 3795 726 3862 selbstomyllrbme
743 3797 954 3862 Horrdsebristen,
974 3812 1003 3848 so
1026 3795 1137 3846 rndcblec
1160 3795 1210 3843 teir

141 3882 183 3933 dic
196 3882 362 3948 Vmotelrrarrry
379 3881 423 3933 des
440 3880 675 3946 Mndscbristlicbm
684 3883 839 3949 depuratos,
856 3897 885 3933 so
896 3878 1083 3933 dorrlmrswerlb
1097 3879 1135 3927 eie
1147 3872 1209 3926 arrei

143 3982 178 4017 aa
194 3965 248 4017 sirb
266 3968 302 4016 iet
322 3965 402 4033 (sic),
437 3965 499 4017 decb
523 3965 584 4017 rbere
605 3966 673 4017 reicit
693 3982 727 4017 co
748 3968 797 4018 dea
813 3966 983 4018 wesetllirben
1001 3961 1209 4027 Ebsorrlernissrn

145 4051 198 4101 rard
224 4052 387 4103 Verdierrsten
407 4053 474 4102 rime
500 4065 579 4103 aerea
601 4050 789 4117 Herormgrcbcrs
815 4051 861 4102 dte
884 4051 986 4101 Persius
1013 4045 1127 4097 rectores.
1162 4046 1211 4094 Bri

148 4135 245 4185 weitem
263 4135 376 4203 arlitbtyer
394 4135 471 4187 alieti-t
489 4152 538 4187 rnre
553 4135 653 4186 sebon
667 4137 678 4186 a*
686 4151 705 4186 rr
729 4134 927 4188 britieeber
949 4130 1112 4182 llineirltt
1128 4126 1210 4195 (sici)

152 4219 206 4270 ciac
225 4220 400 4288 Veryler'cbano
418 4222 464 4275 der
479 4223 575 4274 atteror
590 4222 722 4277 &ditiones
730 4258 738 4288 ,
771 4221 811 4275 ‹lie
830 4217 897 4271 eicit
912 4232 960 4269 nter
978 4214 1080 4268 steorte
1094 4213 1152 4265 srbr
1171 4213 1213 4264 br-
