2564 4628
625 254 665 313 41

195 412 266 477 Nec
282 415 337 499 qui
353 410 448 476 abaci
467 418 619 478 numeros
636 426 669 477 et
684 428 774 517 secto
789 414 975 503 in'pnlvere
991 436 1093 505 metas
1118 432 1182 492 145

198 577 267 642 Scit
280 580 394 643 risisse
414 582 527 660 vafer,
546 580 684 645 multum
709 584 851 667 gaudere
870 597 1016 671 paratus,

195 744 231 807 Si
252 745 373 829 Cynico
396 720 705 831 barbam'pctnlans
729 754 866 816 nonaria
885 752 998 817 vellat.

189 911 253 976 Ilis
280 951 322 962 -
353 937 447 980 mane
479 916 640 995 edictum,
670 928 745 1001 post
772 920 909 1003 prandia
944 958 986 971 -
1016 920 1096 985 Cal·

473 1080 602 1144 lirhoen
626 1080 684 1143 do!
707 1119 745 1130 -
770 1158 775 1169 Ι

108 1241 316 1259 Μ

105 1394 109 1398 ¹
176 1350 201 1385 v.
220 1330 279 1383 llin-
315 1332 394 1383 odoco
421 1348 488 1384 omn.
511 1336 616 1399 praeter
640 1333 671 1386 V.
690 1333 738 1386 B.:
764 1334 857 1387 oloclw
875 1343 902 1390 et
920 1337 967 1391 P.:
986 1343 1028 1407 pot
1045 1357 1062 1392 o
1076 1340 1176 1393 locato.

111 1469 186 1519 rotroci
203 1469 263 1531 lego
275 1470 333 1514 cuin
350 1461 478 1517 nonnullis
503 1463 585 1516 Codd.
611 1462 811 1530 vetustioribus,
836 1467 904 1534 qnod
929 1464 1077 1518 concinnior
1093 1466 1131 1520 ita
1147 1468 1177 1521 fit

109 1600 202 1666 oratio,
223 1604 249 1651 et
265 1594 326 1665 quia
337 1595 475 1648 nnmeriin
492 1595 572 1648 abaco
591 1574 671 1650 erant.
708 1595 937 1651 inconcinnitatem
953 1598 1078 1652 sublaturi
1094 1600 1179 1654 varias

108 1735 235 1788 medelas.
251 1730 424 1784 adhibuerunt
446 1734 472 1784 et
495 1727 649 1785 vetustiores
677 1734 704 1782 et
730 1729 888 1786 recentiores
906 1732 1032 1800 editores,
1050 1707 1179 1787 mutantes

105 1866 274 1937 posteriorem
291 1879 381 1917 versus
400 1868 514 1932 partem:
532 1868 600 1914 secto
617 1864 719 1928 proicere
734 1860 767 1916 V.
784 1866 814 1916 B.
833 1867 866 1919 E.
882 1868 914 1921 F.
933 1869 962 1923 S.
975 1869 999 1920 1.
1017 1871 1101 1920 Seoto.
1117 1869 1176 1934 pol.

103 2001 221 2056 creceii.
245 2000 310 2064 secto
324 1998 392 2064 polo.
411 1996 446 2046 Y.
460 1993 519 2061 (rel.
537 2002 603 2046 secto
621 1997 648 2046 io
664 1997 731 2060 prelo.
750 1999 854 2061 praeter
871 1997 921 2048 Ga
942 2007 1009 2050 seclo
1030 2003 1065 2051 im
1079 1949 1178 2066 polo.);

107 2143 191 2190 scotos
207 2102 277 2208 top.
299 2131 413 2183 Passow.
432 2131 583 2198 aliquando,-
601 2130 671 2194 facto
690 2126 821 2195 (languet)
838 2128 990 2183 Groteiend.
1025 2132 1060 2185 At
1077 2132 1100 2186 si
1117 2116 1194 2202 quid,

105 2269 254 2325 tentandum
273 2269 357 2335 esset,
376 2263 403 2315 in
421 2263 452 2316 P.
470 2261 587 2317 Danielis
604 2262 758 2317 sententiam
776 2258 949 2328 discederem,
968 2261 1013 2329 qui
1031 2279 1088 2316 cum
1106 2269 1176 2330 „vet

105 2406 190 2460 (fod.“
207 2403 287 2470 legit:
312 2402 416 2451 docto
440 2401 467 2451 io
494 2398 612 2467 pulvere,
638 2398 678 2451 his
704 2403 780 2450 utens
796 2394 898 2453 verbis:
916 2395 1009 2463 „quod
1030 2411 1061 2447 ea
1078 2397 1179 2450 ratione

105 2541 142 2592 ita
160 2538 255 2590 dictum
269 2531 389 2586 existimo
408 2534 437 2582 nt
455 2529 525 2595 apud
540 2528 656 2580 Tullium
673 2527 718 2581 lib.
736 2529 773 2579 11.
803 2528 836 2579 de
863 2531 915 2578 nat.
935 2526 1022 2592 deon,
1049 2529 1178 2583 eruditum

108 2642 243 2739 prilverem
263 2682 311 2735 pro
328 2661 515 2716 mathematicis
531 2660 681 2746 disciplinis.
712 2660 765 2711 Sed
783 2658 890 2727 (inquit)
908 2660 930 2712 si
950 2660 1000 2712 hoc
1015 2620 1179 2716 non-videtis

109 2803 168 2871 qnia
188 2803 260 2854 illum
278 2778 415 2866 numquam
433 2797 560 2850 eruditum
578 2796 711 2861 pulverem
729 2793 844 2860 attigitis.
863 2794 923 2848 vide
935 2795 1081 2848 Brodaenm
1098 2795 1143 2847 lib.
1154 2796 1177 2846 1.

107 2935 217 2985 Miscell.
244 2948 299 2999 cap.
327 2936 354 2984 1.·
380 2939 407 2984 et
435 2930 553 2982 Coelium
571 2928 627 2980 Lib.
647 2925 707 2980 VII.
727 2942 750 3013 o.
768 2929 809 2982 30.
827 2929 873 2980 ubi
888 2920 990 2982 versum
1007 2928 1076 2982 hunc
1092 2928 1179 2996 expli-

109 3065 176 3117 cat.“
204 3063 235 3114 ol.
264 3081 287 3114 v.
313 3064 370 3115 100.
396 3078 486 3129 supra,
510 3061 555 3114 ubi
583 3061 696 3114 Casaub.
719 3061 812 3111 verba:
841 3061 929 3109 doctos
952 3062 1068 3125 posuisse
1083 3063 1179 3126 ripaeos

109 3198 274 3254 emendatum
290 3193 361 3245 ibat:
381 3194 484 3243 doctos
508 3211 534 3258 p.
552 3194 573 3259 s.
603 3209 637 3244 ex
661 3193 726 3244 Hor.
745 3193 793 3241 sot.
812 3189 835 3250 Ι,
854 3187 896 3252 10,
915 3188 956 3242 10.
977 3187 1037 3243 vide
1055 3191 1181 3243 Porsinna

108 3335 171 3385 Hor.
190 3329 255 3383 imit.
277 3344 302 3395 p.
321 3326 380 3378 531.
416 3325 512 3377 mattos
529 3324 560 3378 V.
581 3326 613 3379 Β.
648 3319 740 3388 cosor?
754 3324 777 3374 Ι.
815 3323 915 3388 apotolo
935 3324 965 3376 P.
1002 3327 1079 3376 cinico
1098 3323 1128 3375 Α.
1147 3326 1180 3376 Ι).

111 3469 143 3518 G.
161 3467 191 3516 R.
212 3465 242 3515 L.
263 3471 291 3513 tc.
330 3477 412 3528 murco
430 3459 464 3510 Y.
481 3464 484 3471 “
501 3462 551 3512 rel.
571 3461 664 3526 cynico.
695 3441 809 3509 'orooocio
828 3463 854 3509 Ε.

178 3611 203 3647 v.
221 3592 279 3647 148.
306 3597 393 3646 colliso
413 3609 444 3646 oo
461 3593 490 3644 S·
513 3592 671 3646 coltiroeoD.
682 3591 715 3644 G.
725 3590 758 3642 E.
766 3591 798 3644 F.
807 3591 841 3643 H.
852 3591 885 3645 K.
895 3591 929 3645 Δ.
939 3600 968 3643 tt.
996 3591 1133 3641 col......
1151 3606 1182 3641 eo

67 3754 70 3759 ·
105 3725 284 3794 R.(1·asura).
321 3728 431 3777 coltroon
448 3725 480 3776 P.
515 3727 651 3778 collirolceo
667 3725 699 3776 B.
717 3723 749 3777 V.
787 3727 916 3776 colliroem
933 3722 967 3772 Y.
1009 3722 1130 3773 coltirooo
1146 3720 1179 3771 Α.

107 3863 137 3914 0.
159 3861 193 3912 N.
212 3860 244 3909 L.
265 3864 290 3909 2
327 3843 444 3922 cottproe'
460 3859 493 3908 T.
513 3820 642 3923 cottproeo
665 3858 697 3910 Q.
711 3858 743 3908 X.
790 3859 909 3908 collioreo
937 3854 969 3906 0.
1007 3854 1125 3904 collocem
1142 3850 1180 3901 M.

108 4015 133 4047 o.
151 3998 177 4060 β,
197 4011 220 4058 y.
257 3991 392 4043 callirhoen
411 3992 434 4041 l.
468 3991 510 4043 Ne
527 3989 654 4043 delabaris
672 3989 698 4042 in
716 3990 805 4043 Fontii
830 3994 863 4041 et
891 3982 1052 4048 Britannici,
1068 3981 1185 4035 Ascensii

102 4134 129 4180 et
145 4123 261 4180 Passorii
278 4121 528 4190 interpretationem,
547 4122 591 4189 qni
605 4127 715 4174 scortum
730 4122 777 4175 sub
810 4121 836 4172 h.
867 4139 892 4176 v.
913 4117 1108 4184 intelligendum
1126 4129 1192 4169 cena

939 4212 959 4265 4

1107 4306 1183 4344 Δ
