2564 4628
568 321 678 379 xxtgru

178 499 271 565 Haec
299 503 408 566 omnia
432 512 509 565 sunt
529 522 620 586 ¹quae
643 505 680 564 in
700 504 806 587 prima
836 501 957 587 pagina
993 496 1165 582 leguntur.

96 618 149 682 Ad
166 617 290 683 calcem
310 629 425 682 estant
444 616 544 683 haec:
585 698 587 702 ι

349 735 431 799 Cum
456 734 570 797 Gratia
592 754 612 796 τ
633 730 817 817 Priuilegio
839 732 893 797 Ob
914 733 1061 800 lnuetio·

352 873 437 916 narn.
461 849 629 915 Ordinem.
650 848 796 937 Modum.
817 851 961 914 industri

348 987 410 1029 arn.
429 965 603 1033 Tabulam.
622 966 791 1031 Postillas
811 990 831 1032 τ
852 966 955 1044 Quot·

350 1086 491 1151 tationes
510 1071 720 1152 Auctoritatu
737 1086 824 1169 (sic).

186 1199 306 1265 Procul
327 1201 426 1266 dubio
455 1203 535 1266 haec
565 1201 666 1265 editio
684 1200 836 1268 Venetiis
865 1205 1006 1289 prodiit,
1027 1205 1062 1269 id
1083 1209 1175 1293 quod

103 1329 195 1402 patet
221 1330 288 1382 tarn
321 1343 366 1383 ex
396 1334 544 1404 typorum
574 1334 608 1385 et
639 1320 827 1385 lemmatum
857 1325 983 1386 ratione
1007 1302 1109 1407 quam¹
1128 1345 1176 1388 ex
1218 1342 1221 1357 ¹

104 1433 187 1519 ipsis
202 1434 417 1511 lectionibus,
440 1456 573 1519 quarum
599 1435 777 1499 nonnullae
795 1439 965 1520 interpreti
990 1453 1068 1502 sunt
1096 1464 1177 1526 pro·
1216 1456 1221 1539 1

106 1553 210 1645 priae.
237 1551 405 1634 interpres
415 1552 499 1634 ipse,
515 1571 611 1634 quem
631 1549 778 1613 Passow·
800 1550 936 1611 nimium
954 1552 1111 1633 extollit,
1140 1561 1179 1623 in
1218 1548 1221 1627 f

45 1717 55 1735 .
106 1664 250 1748 epistola
285 1666 477 1729 didicatoria
508 1683 545 1726 se
579 1664 726 1727 nominet
758 1661 979 1748 „Scipionem
1022 1681 1179 1738 uenatum

110 1778 247 1864 Georgii
267 1779 374 1845 filium
394 1783 433 1845 de
456 1778 642 1866 uerolego“
666 1790 700 1844 et
719 1779 745 1843 F
746 1782 912 1847 ranciscus
933 1798 1082 1850 rossetus
1098 1788 1180 1853 .Ve-

106 1901 259 1964 senensis
275 1902 318 1964 in.
330 1900 436 1964 literis
457 1896 597 1963 salutem
619 1895 699 1960 dicit
726 1897 905 1982 „Scipioni
925 1914 1045 1965 ueneto
1069 1902 1180 1970 Geor-

110 2018 158 2101 gii
173 2015 246 2082 filio
263 2019 303 2083 de
323 2019 567 2082 monteferrato.
609 2014 661 2079 De
680 2018 880 2102 impressore
896 2031 1004 2083 tamen
1028 2043 1094 2085 uon
1117 2022 1179 2087 ha-

110 2133 174 2199 beo
203 2136 290 2221 quod
318 2118 469 2209 statuam.
501 2129 575 2197 vide
592 2130 708 2199 libert.
728 2156 760 2199 ιι.
781 2137 914 2206 loacas
938 2135 1178 2222 (Bernardinus

110 2249 285 2337 Venetus).

155 2372 272 2458 wip.
295 2393 323 2435 s.
345 2368 368 2433 l.
393 2382 426 2433 et
445 2392 475 2432 a.
507 2368 612 2454 (Lips
634 2366 700 2433 Mt·
720 2367 896 2456 Herbipol.
925 2373 1179 2439 circaa.1500.

114 2484 188 2572 iol.)
212 2488 345 2568 „Persii
361 2487 471 2553 Flacci
491 2485 692 2553 nobilissimi
707 2485 847 2571 Satyrici
869 2467 1002 2552 unicui:
1031 2486 1092 2550 sed
1109 2486 1182 2550 ele-

114 2577 306 2687 gantissim⁹
335 2604 522 2691 Satyrorum
550 2604 685 2687 liber‚“
716 2604 819 2667 editio
844 2604 994 2689 gothica,
1023 2605 1184 2671 adornata

116 2717 157 2782 ab
180 2718 367 2815 Hermanno
389 2721 529 2791 Buscdio
548 2722 742 2807 Pasiphilo,
761 2724 901 2799 iuvene,
920 2731 957 2783 ut
977 2733 1113 2802 apparet
1136 2743 1185 2786 ex

116 2837 349 2922 epigrammate
369 2859 433 2903 sex
450 2837 663 2902 distichorum
685 2837 725 2902 ad
743 2834 860 2903 finem:

135 2928 142 2937 .
204 2976 284 3039 ergo
306 2976 369 3039 age
389 2957 575 3040 primicias:
595 2963 723 3018 nostre:
746 2950 909 3017 studiose:
933 2953 1065 3014 invente

206 3071 281 3139 Sint
302 3061 450 3159 quamuis
471 3071 596 3166 modice
619 3082 655 3139 tu
674 3084 801 3137 taruen:
825 3090 898 3143 oro:
919 3068 1007 3153 lege.

694 3186 780 3253 Vide
806 3187 921 3255 Edert.
948 3209 980 3250 n.
1003 3192 1119 3253 16258.

100 3292 295 3376 ”am
325 3309 377 3375 Ad
405 3309 528 3374 calcem
551 3308 660 3391 posita
689 3318 766 3371 sunt
790 3307 886 3371 haec:
920 3303 1084 3384 „Persius
1112 3327 1186 3367 cuni

120 3427 243 3513 duplici
260 3410 369 3508 (Badii
380 3425 534 3493 Ascensii
553 3437 588 3488 et
604 3426 673 3495 loa.
686 3425 885 3503 Britannici)
907 3432 1091 3483 commento
1112 3421 1188 3487 finit

119 3543 275 3611 feliciter.
297 3540 456 3626 Lugduni
465 3541 581 3605 solerti
593 3564 694 3626 opera
708 3541 868 3605 Iohannis
888 3538 930 3601 de
948 3539 1069 3622 cingla.
1090 3540 1187 3602 Anno

123 3660 250 3729 salutis
277 3657 460 3727 Millesimo
494 3660 767 3743 quingentesimo.
806 3674 867 3753 pu.
907 3651 1084 3738 Augusti.“
1112 3655 1187 3718 vide

123 3797 205 3865 quae
228 3777 299 3839 dixi
317 3776 356 3838 de
379 3773 428 3836 ed.
454 3772 495 3847 Q.
516 3774 611 3839 inira:
632 3775 747 3840 Ebert.
768 3796 801 3837 n.
823 3776 941 3837 10254.

93 3976 97 3981 ι
164 3897 218 3961 29.
250 3892 286 3959 Τ.
319 3914 346 3957 s,
375 3913 406 3954 a.
430 3878 592 3983 impressa
613 3904 757 3989 exeppte
784 3874 875 3955 saec.
902 3887 980 3953 XV.
1008 3888 1149 3949 Parisiis
1171 3907 1191 3947 a

121 4007 223 4073 Mich.
243 4006 422 4076 romense.
467 4007 602 4093 Insigne
615 4004 828 4111 'typumiolr
850 4016 882 4075 1,
906 4001 1104 4107 nomeniert
1121 3997 1192 4062 Mi-

123 4123 210 4193 thiel
232 4122 400 4211 Tholoze,
426 4126 489 4209 sed
504 4126 559 4213 ing
683 4112 700 4135 '³
782 4122 787 4129 ’
894 4120 989 4191 haec:
1010 4118 1193 4187 Exsistunt
