2564 4628
608 350 645 395 XI

94 542 202 595 terum
223 531 437 614 scriptorum,
456 530 486 594 si
508 549 590 615 quae
608 531 675 595 iam
693 541 781 608 suut,
802 528 978 598 verborum
1000 550 1033 600 et
1052 539 1168 607 dictio·

95 666 174 710 nunu
196 644 323 737 pellere
344 648 496 729 mendas,
526 647 626 713 rebus
654 660 743 713 recte
763 648 946 715 intellectis
968 667 1003 718 et
1024 656 1165 742 explici·

92 765 149 828 tis.
191 760 370 848 Utrumque
392 763 516 850 absque
538 769 784 861 accuratissima
803 765 937 854 linguae
957 772 1093 860 eiusque
1114 774 1164 841 le·

92 900 172 966 gum
202 883 387 966 cognitione
415 897 504 947 recte
535 883 613 951 fieri
640 887 776 970 nequire
804 907 864 971 per
894 908 930 953 se
952 888 1164 976 intelligitur.

91 996 177 1063 Num
194 1020 249 1064 res
268 998 382 1064 verbis
402 1001 648 1086 significantnn
669 1001 728 1067 ubi
748 1012 858 1067 autem
876 1002 980 1069 verba
998 1028 1064 1072 uon
1086 1021 1163 1077 sunt

90 1137 182 1198 sana,
205 1136 323 1181 seusus
342 1138 445 1203 aeque
465 1121 602 1183 insanus
619 1120 739 1182 euadit.
783 1119 925 1184 Sensum
943 1135 1032 1187 recte
1044 1106 1161 1188 erdere

88 1233 287 1318 principium
317 1245 369 1297 est
397 1234 505 1296 omnis
533 1231 788 1317 explicationis,
821 1248 856 1298 et
876 1238 1036 1320 primun,
1074 1239 1162 1323 quod

89 1350 161 1435 ipse
194 1351 328 1413 criticus
355 1349 522 1432 respiciat.
564 1348 653 1414 Hinc
674 1371 757 1435 quae
780 1371 845 1415 nou
866 1363 956 1443 recte
979 1350 1164 1418 dictasunt

91 1477 149 1528 aut
168 1463 235 1527 aliu
254 1463 294 1527 de
317 1487 414 1529 causa
435 1467 640 1553 discrepant,
667 1481 770 1534 mutat
788 1469 842 1532 vel
863 1469 973 1554 potius
999 1474 1161 1552 tamquam

88 1580 129 1644 ab
152 1580 229 1645 aliis
249 1595 373 1648 mutata
394 1584 492 1661 tollit,
518 1606 598 1649 sana
614 1588 771 1667 restituit,
790 1587 936 1672 genuina
954 1598 988 1648 et
1009 1584 1161 1669 legitima

86 1699 238 1766 vindicat
277 1700 390 1767 ¹Penes
413 1725 509 1789 quem
529 1724 609 1787 ergo
625 1702 710 1766 bene
729 1702 919 1788 explicandi
932 1713 1080 1787 potestas
1097 1714 1159 1781 est,

84 1817 116 1879 is
136 1818 277 1900 primum
297 1819 466 1902 possidet,
480 1840 543 1904 quo
566 1818 652 1882 bene
669 1820 836 1893 eruendet3
859 1839 935 1882 natu
949 1799 1082 1883 facilius
1096 1817 1157 1882 ille

86 1932 327 2018 deprehendet,
360 1956 443 2020 quae
477 1935 679 1998 emendanda
713 1938 780 1999 sint
817 1956 941 2021 quaeve
979 1955 1046 1998 non
1079 1937 1159 1999 sint.

85 2048 219 2134 Optime
250 2063 359 2114 autem
391 2050 596 2133 emendabit,
630 2053 687 2137 qui
715 2052 927 2136 sagacissime
948 2054 1082 2116 mendas
1105 2072 1160 2116 ea-

81 2188 219 2253 rumque
240 2166 384 2232 latebras
407 2168 498 2253 (nam
516 2189 583 2233 non
602 2191 677 2233 raro
702 2182 866 2255 tamquam
886 2165 1020 2232 hulcera
1042 2168 1149 2234 lateu-

83 2289 130 2351 tia
149 2288 281 2371 optimis
300 2285 481 2372 quibusque
498 2285 712 2371 scriptoribus
729 2287 967 2370 inveterarunt)
991 2287 1157 2367 odoratus,

82 2424 218 2468 sensum
244 2406 402 2488 optimum
427 2405 557 2468 invenit
584 2416 619 2466 et
639 2403 792 2467 enucleat
813 2415 870 2465 aut
898 2404 1030 2481 exiis,
1061 2425 1155 2485 quae,

83 2520 154 2583 sive
176 2520 325 2602 integra,
355 2522 425 2582 sive
446 2519 579 2596 mutila,
608 2521 719 2583 fontes
741 2516 920 2603 praebent,
941 2528 1019 2598 aut,
1043 2539 1156 2582 eorum

80 2638 225 2720 vestigia
247 2656 408 2719 sequens,
429 2657 475 2698 ex
495 2637 631 2720 ingenio
651 2635 788 2699 resarcit
809 2654 891 2718 quae
914 2653 980 2698 non
1001 2636 1155 2727 offerunt,

80 2751 254 2838 utrobique
278 2763 386 2816 tamen
408 2756 501 2817 nisus
523 2773 588 2815 non
604 2751 712 2816 solum
726 2750 913 2833 cognitione
928 2747 1061 2834 linguae
1080 2771 1153 2813 cum

79 2869 195 2956 populi
217 2882 284 2933 tum
308 2871 502 2955 scriptorum
520 2867 748 2952 singulorum,
770 2867 828 2930 sed
850 2867 949 2929 etiam
971 2867 1071 2927 totius
1093 2884 1152 2926 ve-

80 2999 187 3050 terum
205 2985 366 3050 librorum
383 2988 522 3050 rationis
539 2998 575 3048 et
596 2986 746 3071 originis.
790 2983 859 3046 Iam
885 2981 1071 3065 quaeritur,
1092 2977 1151 3042 ubi

79 3101 212 3166 tandem
232 3103 422 3164 mendarum
442 3115 477 3164 et
492 3100 750 3186 corruptelarum
775 3097 877 3160 lateat
895 3091 1075 3170 lons,‘nam
1096 3115 1152 3157 co·

79 3221 173 3305 guito
204 3218 341 3281 mendae
355 3220 544 3301 cuiuspiam
565 3217 677 3296 fonte,
698 3214 884 3278 emendatio
907 3212 1038 3296 saepius
1061 3209 1149 3274 ultro

80 3355 116 3398 se
140 3335 247 3398 offert.
288 3332 424 3411 Fontes,
446 3344 600 3416 utsupra
620 3334 687 3395 iam
707 3333 831 3411 monui,
853 3342 983 3415 praeter
1004 3341 1148 3393 mentem

79 3461 299 3514 correctorum
327 3463 385 3514 aut
409 3449 621 3514 librariorum
648 3450 804 3513 audacem
826 3461 860 3511 et
880 3449 1031 3533 inscitam
1053 3446 1150 3508 indu-

78 3568 211 3647 striam,
238 3571 372 3634 nonnisi
400 3569 463 3631 duo
492 3586 567 3630 esse
594 3578 751 3650 possunt,
779 3578 812 3628 et
837 3566 967 3651 quidem
995 3560 1073 3625 libri
1092 3571 1150 3623 aut

76 3682 229 3749 manibus
259 3689 388 3750 exarati
418 3699 474 3750 aut
502 3686 588 3768 typis
608 3683 779 3766 exscripti.
820 3681 876 3744 Ex
895 3695 1031 3762 utroque
1052 3677 1145 3739 fonte

76 3802 240 3865 editiones
262 3805 456 3889 scriptorum
476 3803 688 3870 classicorum
708 3801 743 3862 in
763 3799 815 3863 his
835 3798 940 3863 tribus
962 3814 1044 3878 quae
1065 3813 1150 3854 exa·

45 3906 48 3911 ¹
74 3932 128 3984 cta
149 3930 226 3982 sunt
247 3919 390 3984 saeculis
410 3925 516 4007 magis
536 3922 643 3983 minus
665 3919 830 4002 prolectas
845 3929 977 4002 putans,
997 3933 1062 3975 non
1084 3929 1146 3993 po·

76 4048 143 4117 tes,
171 4048 208 4098 ut
235 4035 318 4101 nihil
348 4036 428 4103 fidei
448 4038 571 4104 habeas
598 4040 746 4122 utrique,
767 4046 865 4118 atque
886 4046 920 4096 et
940 4029 1075 4097 mendas
1094 4025 1144 4089 ibi

73 4152 212 4239 quaeras
228 4166 262 4219 et
276 4154 434 4220 medelas.
476 4157 531 4219 Ex
545 4155 642 4220 russis
660 4153 749 4214 eninr
763 4151 936 4227 editiones,
957 4167 1039 4235 quae
1055 4145 1146 4232 prin·

890 4265 912 4329 b
922 4269 936 4304 l‘
