2564 4628
552 324 634 373 xxix

69 507 308 597 parhisiispor
329 505 521 587 michaelem
550 504 726 567 thoulouze
755 509 789 567 in
811 500 1137 597 vico'amigdalorum

70 637 292 688 commorante
321 625 390 687 diui
416 621 548 728 lauronia
579 621 654 706 (sic)
680 624 863 706 errngeliste
895 626 1005 714 effigie
1035 635 1140 718 ipsius

71 743 152 827 edes
179 743 352 806 indicante.
401 739 539 805 Constat
567 738 661 804 foliis
691 742 1140 819 18.in4.1nin.t‘ol,17n.

73 869 170 921 extat
191 859 370 949 colophon:
463 925 464 929 ,

239 976 319 1040 Auli
340 975 449 1039 Persii
461 973 572 1039 Flacci
590 985 770 1056 satyrorum
792 975 881 1047 linis.

159 1090 211 1155 Tu
231 1095 286 1176 qui
308 1096 431 1171 suxisti
448 1093 488 1167 (le
511 1084 640 1174 virgine
660 1094 846 1176 virgirteum
867 1095 919 1159 lae

161 1206 305 1273 Celestis
321 1209 419 1288 regni
440 1206 598 1269 lectorem
612 1208 805 1289 participem
826 1210 904 1292 (sio)
924 1212 987 1275 fae.

464 1336 469 1345 ⁸
561 1318 656 1387 DEO
677 1319 884 1391 GRATIAS.

150 1421 464 1527 Satirispraemissa
483 1451 535 1502 ert
555 1438 615 1502 illa
632 1442 708 1516 vita,
732 1441 824 1505 cuius
841 1454 1007 1509 auctorem
1023 1451 1143 1516 scimus

74 1556 311 1620 Britannicum.
355 1557 621 1621 Commentarius
645 1577 724 1622 vero
747 1560 836 1623 inest
862 1559 984 1628 nullus.
1019 1565 1146 1632 Eodem

73 1673 241 1737 volumine
271 1677 492 1738 continentur:
600 1708 603 1713 ·
774 1648 777 1653 ι

119 1797 151 1859 1.
170 1793 335 1876 principos
355 1813 397 1855 eu
418 1793 570 1875 francoys
599 1793 678 1875 imp.
697 1791 739 1859 A.
759 1790 914 1856 Denidel.

118 1914 149 1969 2.
189 1908 268 1972 Ant.
290 1906 485 2003 Manciuelli
505 1912 648 1992 epitoma
675 1929 735 1975 seu
763 1907 878 1992 regulo
895 1914 1146 1976 constructionis

78 2027 174 2089 1492.
195 2023 287 2090 alex.
307 2025 346 2087 de
365 2024 564 2088 mediolano.
584 2080 586 2087 ,
969 2073 995 2109 s

60 2199 63 2202 ,
121 2147 152 2211 3.
175 2139 305 2228 Regula
333 2141 571 2228 elegantiarum
593 2140 772 2227 Augustini
802 2119 1059 2209 Doti-familiari
1082 2144 1148 2210 Co·

19 2326 23 2333 x
76 2262 238 2324 monterio
266 2261 428 2349 declarate
458 2283 531 2325 cum
565 2262 721 2328 francisci
751 2259 849 2347 Nigri
886 2264 1096 2346 expositione
1126 2287 1146 2327 a

75 2376 198 2448 ludooo
217 2377 434 2444 Clichthoneo
446 2378 734 2443 Neohordunensi.
753 2352 903 2441 llarisiis.
926 2377 1031 2440 [lenis
1048 2377 1148 2442 Rocc.

121 2504 154 2558 4.
167 2463 344 2560 'tractatas
362 2496 403 2558 de
422 2496 658 2585 orthographia
677 2494 744 2576 (lo.
756 2472 1028 2568 carthusiensis).
1041 2491 1147 2561 Paris.

79 2612 159 2676 Ant.
180 2610 335 2676 Denidel.

80 2714 89 2730 ‘
122 2733 152 2794 5.
173 2729 238 2793 Ars
259 2726 499 2793 versificatoria
518 2729 809 2816 robertixgaguini.

120 2853 154 2912 6.
175 2846 298 2910 Fratris
320 2842 488 2930 Baptistae
510 2847 601 2915 Man.
624 2847 821 2913 Carmelitae
848 2846 998 2932 theologi
1019 2868 1061 2913 nu
1084 2846 1150 2917 Rc-

79 2964 327 3029 versutissimum
353 2963 389 3026 in
419 2961 550 3030 Christo
576 2978 670 3051 patre
698 2989 736 3030 ao
764 2965 864 3032 Dnm.
898 2965 944 3033 l).
962 2963 1149 3035 'Oliva-ium

83 3079 216 3143 carala.
232 3077 378 3141 Sabinen
401 3065 489 3165 Epi-n·
506 3093 539 3144 et
552 3067 767 3157 ¹cardinalem
781 3065 1010 3166 Neapolitana
1017 3085 1056 3144 de
1073 3107 1149 3148 suo·
1237 3059 1239 3063 V

79 3219 153 3264 rum
170 3208 352 3280 temporum
372 3181 624 3264 calamitatibus.
639 3197 743 3265 Paris.
759 3196 895 3262 Michel.
913 3196 1149 3272 Laron-,tans

128 3374 131 3378 .
165 3312 259 3377 Haeo
275 3311 388 3392 editio,
406 3333 488 3397 quae
503 3316 647 3382 maxime
659 3315 784 3380 accedit
797 3312 1011 3396 ari-familiam
1025 3312 1151 3380 Ascen-

81 3437 227 3512 siauam,
260 3429 510 3517 bibliographos
549 3422 654 3496 adhuc
686 3432 793 3497 latuit.
857 3413 1057 3499 Arlrerratur
1087 3434 1151 3499 Pa-

82 3522 173 3614 risiis
200 3550 234 3611 in
262 3546 344 3612 bibl.
375 3546 411 3611 S.
437 3545 646 3643 Genovefne;
684 3524 867 3629 Reuersus,
897 3549 1150 3623 humanissimus

84 3667 157 3728 eius
175 3665 381 3749 praefectus,
409 3662 553 3750 benigue
582 3661 667 3729 mihi
691 3665 841 3730 illiusut
858 3666 960 3728 totius
976 3662 1153 3732 bibliothe-

85 3802 143 3848 cae
163 3802 259 3844 usum
276 3783 450 3860 concessit.

130 3903 183 3963 30.
216 3894 255 3970 Q·
280 3894 503 3962 Ascensianae
532 3900 657 3984 primae
689 3898 922 3984 Lugdunensis
948 3899 1102 3981 repetitio
1121 3920 1151 3965 a.

88 4018 182 4079 1500.
203 4011 314 4076 ruiti.
343 4015 419 4076 mai.
440 4014 595 4088 Parias
621 4014 841 4081 Thielmanno
861 4012 1001 4077 Korver.
1035 4011 1154 4077 'Foliis

62 4132 265 4205 ,coruscatis
286 4130 418 4225 errx.
441 4136 476 4198 in
498 4141 532 4198 4.
554 4143 688 4205 constat.
733 4129 785 4195 Ad
807 4127 929 4227 calcem
950 4138 1061 4193 notata
1082 4143 1156 4195 suut
1260 4208 1263 4219 .

1159 4280 1208 4344 aar
