2564 4628
649 342 714 395 i'rrr'

150 535 324 614 ducerent,
351 554 445 619 quam
476 553 522 594 ex
549 531 706 595 Codicum
733 533 818 596 Mss.
842 534 989 598 subsidio
1021 549 1075 598 aut
1091 557 1137 598 ex
1158 539 1217 600 ada

151 655 265 717 sumtis
293 629 544 738 impressionum
570 652 864 713 vetustissimarum
894 655 1102 719 testimoniis.
1155 655 1220 717 Est

148 771 299 854 profecto
319 766 461 850 aliquid,
481 763 564 828 illud
588 767 752 848 divinum,
772 769 857 853 quod
878 770 1048 853 ingenium
1066 772 1218 851 dicimus,

150 889 209 950 sed
231 885 322 949 nulla
343 885 528 967 excogitari
548 899 658 968 potest
681 889 733 949 via
752 885 921 966 lubrieior‚
944 885 1035 950 nulla
1052 889 1218 950 temerita-

151 1008 193 1068 tis
215 1001 390 1088 opprobrio
414 1004 598 1087 errorisque
621 1002 754 1088 superbi
774 1002 922 1087 periculo
937 1006 1043 1087 magis
1058 1002 1218 1082 obnoxias

151 1143 247 1205 quam
271 1119 371 1196 baec,
391 1139 462 1204 :qua
481 1142 526 1184 ex
547 1123 682 1205 ingenio
706 1118 919 1205 scriptoribus
940 1120 1080 1183 salutem
1104 1143 1219 1185 sumus

54 1297 61 1312 ,
150 1226 346 1300 coniecturis
372 1227 519 1321 paraturi
544 1242 747 1325 nitoremque
769 1251 912 1303 veterem
934 1220 1157 1317 consiliaturi,
1179 1262 1221 1302 ea

149 1356 222 1438 ipsa
232 1359 248 1431 ,'
266 1376 329 1438 qua
357 1356 507 1435 sagacior
526 1368 567 1427 ¹et
594 1357 814 1439 perspicacior
840 1356 899 1418 ille
928 1355 1075 1418 Bentleer
1107 1403 1116 1435 ‚
1154 1355 1221 1419 Vir

150 1472 313 1549 exuuias,
342 1478 467 1530 tantum
499 1468 651 1552 delapsus
680 1483 713 1530 et
742 1469 782 1530 ab
812 1453 996 1552 elegantiae
1019 1470 1220 1557 subtilisque

147 1586 261 1648 iudicii
279 1605 391 1647 norma
412 1569 592 1646 declinatus
611 1596 682 1662 est,
709 1598 745 1647 ut
759 1594 826 1646 arte
848 1604 918 1658 sua,
936 1595 1032 1666 quam
1048 1585 1222 1652 audaciori

149 1701 310 1765 industria
326 1700 455 1783 quidem
477 1700 533 1762 sed
554 1721 628 1762 rara
648 1703 766 1763 virtute
790 1713 824 1762 et
844 1701 1011 1784 exquisita
1031 1703 1220 1770 eruditione

149 1821 216 1882 t'am
244 1810 300 1881 diu
328 1807 521 1879 felicissime
551 1819 585 1878 in
615 1815 782 1879 veteribus
814 1802 1028 1902 scriptoribus
1055 1821 1219 1903 pristinae

147 1936 301 2020 dignitati
319 1934 530 1997 restituendis
551 1946 756 2013 exercuerat,
776 1937 811 1997 iu
833 1935 986 2000 Miltonis
1001 1938 1155 2020 paradiso
1169 1943 1219 2002 ri·

147 2051 255 2116 dicule
288 2049 426 2116 abutens
459 2052 716 2137 geniums'uum
743 2054 926 2137 perdidisse
956 2053 1115 2117 videatur.
1159 2048 1214 2121 Ab

148 2169 309 2232 eiusmodi
328 2169 515 2231 discrimine
539 2169 622 2232 nihil
643 2171 677 2233 in
701 2151 913 2233 emendandis
935 2173 1054 2254 priscis
1077 2176 1218 2259 scripto-

148 2285 240 2349 ribus
261 2298 330 2366 est,
350 2285 435 2370 qnod
455 2283 620 2348 efficacius
633 2287 747 2368 possit
766 2305 903 2348 avocare
924 2286 1089 2352 iudicandi
1108 2292 1216 2358 soler-

147 2405 249 2484 tiam,
273 2403 356 2467 nihil
379 2402 464 2489 quod
488 2389 608 2466 melius
632 2410 814 2486 temperare
838 2414 910 2466 eam
931 2409 1039 2487 possit
1061 2423 1117 2474 aut
1137 2413 1218 2476 diri·

148 2541 227 2605 gere
257 2535 354 2607 atque
383 2521 514 2586 firmare
546 2520 749 2604 grandesque
778 2542 872 2586 curas
902 2534 936 2583 et
957 2521 1089 2589 labores
1114 2525 1215 2610 plane

147 2639 317 2715 l'rustrari5
340 2635 404 2701 nisi
421 2659 523 2722 gnara
545 2650 578 2701 et
598 2648 756 2724 perpetua
776 2638 916 2704 fontium
940 2639 1063 2704 diversi
1084 2645 1157 2703 aevi
1180 2650 1217 2709 et

146 2753 246 2834 pretii
274 2751 453 2838 indagatio.-
479 2755 655 2840 -Attamen
683 2774 748 2815 non
770 2752 930 2830 diffiteor,
948 2751 1011 2814 hoc
1029 2752 1129 2835 paulo
1153 2757 1218 2820 ali.

148 2880 199 2931 tor
223 2888 259 2932 se
281 2867 401 2933 babere
423 2870 630 2954 infplurimis
653 2867 867 2951 scriptoribus
890 2869 1045 2943 Graecis3
1070 2871 1217 2954 quando-

148 2985 277 3070 quidem
296 2989 440 3050 rariores
462 3006 575 3049 eorum
590 2987 699 3048 fontes
720 2986 808 3070 iique
824 2973 927 3071 vulgo
944 2975 1079 3049 minoris
1095 2979 1214 3053 aetatis

147 3116 182 3166 et
201 3106 300 3188 pretii
320 3105 439 3168 fortius
462 3116 496 3165 et
515 3102 665 3166 blandius
687 3101 859 3187 pelliciunt
878 3105 1014 3187 ingenia
1035 3126 1213 3190 eorumque

148 3240 243 3304 opem
273 3234 307 3282 et
332 3223 420 3285 vires
449 3233 648 3304 provocant,
678 3233 715 3283 ut
737 3221 881 3285 maculas
903 3245 921 3285 e
942 3233 1089 3284 veterum
1116 3218 1214 3288 libris

148 3337 351 3399 coniicieedo
381 3338 495 3405 eluant
523 3339 691 3422 magisque
722 3328 888 3403 confidant
908 3339 973 3403 sibi
996 3357 1090 3420 quam
1114 3335 1214 3402 Cedis

148 3529 355 3551 m

147 3667 189 3717 ter
204 3665 312 3731 iocarer,
338 3679 422 3731 neque
439 3669 467 3717 ut
483 3644 698 3730 bomoeopathice
717 3660 790 3734 quasi
806 3654 912 3717 istorum
932 3656 1029 3717 scabiei
1045 3648 1146 3738 mederi
1166 3661 1215 3738 eo-

147 3763 238 3814 nater,
254 3750 301 3802 sed
321 3755 349 3803 ut
363 3751 503 3817 permultas
529 3765 596 3817 quae
616 3751 734 3804 dicuntur
756 3747 948 3803 emendationes
967 3748 1032 3801 nihil
1051 3750 1102 3802 nisi
1120 3737 1213 3802 lectio-

147 3844 194 3882 nes
214 3824 361 3907 tolerabiles
385 3833 537 3901 legibusque
566 3828 738 3899 grammaticis
755 3833 975 3901 }accommodatas
1002 3832 1211 3906 demonstrarem,

131 3912 308 3968 ·coaiectoras
333 3917 431 3985 aliquot
452 3916 539 3990 multis
561 3917 625 3971 locis
649 3924 676 3971 et
691 3910 793 3982 modis,
815 3933 909 3986 nempe
930 3917 1087 3985 argumentis
1103 3914 1212 3969 internis

148 4003 175 4048 et
192 3999 319 4067 extemis,
338 4001 453 4054 suffultas
473 4002 501 4054 in
517 4002 631 4054 medium
647 4004 757 4071 protuli,
773 4006 802 4054 ut
820 4002 881 4056 has:

315 4074 453 4140 Mecaenas
469 4087 502 4138 cb
523 4073 577 4141 avis
595 4084 663 4140 edite
681 4087 794 4152 regibus,

315 4172 393 4225 Oros
408 4175 437 4224 et
456 4161 612 4239 praesidium
631 4177 657 4226 et
670 4171 744 4224 dulce
761 4171 839 4223 decus
859 4185 952 4224 meum.
972 4177 1021 4225 etc:
