2564 4628
573 265 611 322 15

156 461 269 540 Tunc,
299 483 371 524 cum
401 463 441 526 ad
470 463 621 525 canitiem
652 473 686 524 et
716 472 862 523 nostrum
891 461 978 524 istud
1004 462 1053 522 vi·
1123 465 1125 469 ’

448 647 525 694 vere
548 624 640 691 triste

99 790 100 793 '
160 797 321 883 Adspexi,
333 818 369 860 ac
378 768 515 896 oucibus
523 799 662 864 facimus
671 817 882 886 quaecunque
894 796 1037 870 relictis3
1061 791 1137 879 [10]

73 1035 161 1101 qualia
180 1031 254 1086 sunt!
278 1035 338 1088 Non
356 1052 459 1103 possum
481 1053 532 1088 non
554 1036 657 1088 ridere:
676 1032 825 1101 scribimus,
844 1034 936 1088 inclusi
954 1033 1033 1100 (conf.
1054 1047 1099 1084 mo
1116 1038 1140 1081 lc

73 1184 158 1233 quaes.
177 1167 265 1235 caleo)
284 1173 333 1221 etc.
369 1168 432 1220 Noli
453 1169 585 1235 explicere
604 1169 655 1223 ite:
673 1171 772 1222 Romae
792 1168 919 1235 quianon
937 1172 976 1220 est
995 1167 1013 1219 i.
1032 1181 1056 1218 e.
1076 1163 1140 1219 vivit

73 1308 101 1352 et
122 1317 189 1367 quae
210 1301 249 1351 ibi
268 1305 379 1363 aguntur
395 1297 527 1352 advertit?
545 1301 590 1350 leb
610 1305 702 1354 mltsslc
721 1301 788 1353 oicbt
804 1304 832 1352 to
850 1303 916 1352 Roas
933 1301 1002 1353 labeo
1020 1301 1073 1350 uad
1093 1302 1142 1352 dos

75 1437 174 1484 literar.
199 1432 304 1485 Treibeo
321 1434 356 1484 do
375 1401 476 1484 latomi.
512 1433 668 1501 ceteroquin
687 1433 763 1488 facile
784 1437 817 1488 ab
837 1430 916 1488 exilio
937 1435 1040 1488 defendi
1058 1440 1143 1502 potest

74 1585 100 1620 v.
121 1575 173 1630 est,
195 1568 261 1618 bene
282 1565 431 1619 confirmata
450 1568 531 1620 Codd.
548 1567 604 1621 sere
626 1569 743 1622 omnibus
763 1570 844 1638 meis;
871 1571 936 1624 mihi
956 1571 1060 1638 quidem
1080 1587 1142 1638 pro-

74 1707 165 1768 pterea
185 1702 331 1767 perplacet,
358 1701 427 1768 quod
450 1708 557 1756 naturae
581 1702 692 1756 hominis
715 1704 828 1757 maxime
849 1712 1047 1761 consentaneum
1065 1705 1142 1770 duco,

75 1851 123 1903 per
149 1808 271 1900 ambages
297 1834 396 1903 dicere,
421 1856 487 1906 quae
509 1843 567 1908 quis
596 1858 647 1893 uno
674 1843 754 1896 verbo
781 1843 912 1896 declarare
937 1822 982 1895 aut
1009 1839 1073 1893 nolit
1099 1843 1144 1890 aut

76 1976 217 2024 cunctetur.
232 2000 266 2009 —-

147 2139 171 2173 v.
193 2123 236 2172 23.
276 2125 338 2174 'I'rmu
356 2141 409 2176 com
427 2125 457 2175 P.
475 2118 506 2178 A.
549 2128 617 2178 Tmtc
637 2130 673 2180 od
690 2129 751 2195 (del.
775 2129 841 2194 coar)
864 2128 896 2180 F.
916 2127 950 2179 H.
970 2126 998 2177 S.
1018 2125 1064 2176 rel.
1086 2130 1143 2175 irrue

77 2274 139 2309 runt.
184 2259 245 2308 Com
265 2219 312 2323 per
340 2264 384 2310 tot.
408 2249 452 2311 lib.
473 2248 588 2314 scribunt
613 2217 792 2329 omnospcom
809 2270 836 2317 et
855 2280 928 2338 mucor
950 2260 1095 2329 promiscue
1111 2258 1142 2311 A.

75 2393 109 2444 N.
132 2393 163 2442 ll.
184 2393 216 2443 D.
238 2390 269 2442 E.
287 2392 320 2444 G.
342 2394 373 2444 Ο.
395 2411 469 2462 queam
488 2397 518 2448 V.
537 2398 567 2448 B.
587 2400 652 2449 illud
670 2404 718 2450 cic).
737 2399 769 2450 R.
786 2399 819 2448 F.
838 2398 865 2459 S.-
888 2399 934 2448 rel.
953 2393 1030 2444 istud.
1109 2423 1129 2439 2

124 2542 169 2594 sv.
188 2522 230 2576 24.
247 2527 343 2590 Aspre·
362 2512 429 2579 omri.
450 2547 480 2578 oc
497 2546 545 2580 auc
560 2530 591 2582 P.
609 2531 640 2583 A.
660 2533 689 2582 L.
713 2548 736 2596 y.
758 2531 804 2580 rel.
823 2534 847 2579 et
867 2541 921 2577 troc.
942 2537 1100 2592 praemioque
1116 2528 1143 2575 ct

77 2677 224 2730 porrectaque.
246 2645 349 2728 qrtomiq.
372 2661 404 2711 D.
432 2661 546 2726 fociant:
570 2664 601 2712 u.
630 2660 725 2726 tociom
745 2661 776 2712 0.
800 2662 913 2728 pollutos*
933 2665 1007 2710 turre:
1032 2665 1089 2708 tuac
1112 2657 1143 2707 P.
1244 2657 1248 2668 “

77 2793 200 2848 caeli-too?
220 2762 299 2846 BJD.
318 2796 351 2847 G.
372 2795 407 2847 Y.
428 2796 460 2848 R.
481 2797 511 2848 L.
536 2813 560 2847 α.
579 2799 607 2862 β.
629 2813 653 2862 γ.
677 2779 800 2850 caelabo.
822 2790 966 2846 cobitamA.
986 2786 1143 2842 cbocbe'mioi

77 2931 106 2980 P.
131 2945 184 2978 colu
202 2929 278 2993 prud.
301 2933 325 2978 a
367 2933 406 2979 lta
435 2927 644 2994 distinguendum
668 2936 742 2996 puto:
765 2928 811 2980 sed
832 2955 867 2964 —
886 2953 920 2964 -
939 2921 1081 2988 (liberrime
1102 2920 1143 2972 di-

79 3046 147 3123 cam)
166 3076 221 3109 sum
241 3077 266 3124 p.
286 3076 323 3126 sq.
350 3078 372 3112 c.
417 3064 514 3117 Similis
539 3052 742 3132 breviloquentia
767 3059 835 3124 apud
858 3056 950 3106 Horat.
979 3052 1052 3117 epist.
1069 3055 1097 3118 I,
1118 3061 1143 3118 1,

79 3192 205 3258 13-153
225 3192 267 3256 19,
286 3192 342 3247 28..
368 3192 436 3264 Olim
466 3195 531 3277 milri
557 3195 694 3261 probatum
719 3194 774 3241 est:
803 3189 921 3239 sedeam
942 3202 968 3250 p.
991 3187 1094 3251 splene:
1110 3213 1145 3229 -

79 3327 205 3378 cocbiuoo.
245 3324 299 3376 Sed
319 3324 362 3376 vix
382 3326 448 3378 bene
469 3325 551 3377 dicas:
583 3339 639 3374 soor
654 3321 739 3388 sptem
757 3321 888 3387 percalcati.
926 3316 1001 3371 Aliae
1021 3313 1146 3371 dictiones

81 3465 123 3510 ut:
145 3459 207 3510 booo
228 3461 312 3509 ceriaco
336 3472 406 3523 esse,
433 3475 490 3512 cum
520 3458 569 3510 bac
592 3456 677 3519 minus
694 3453 798 3506 faciunt.
837 3451 904 3504 Vide
924 3451 1040 3504 Meister.
1062 3449 1146 3501 Hein-

82 3592 147 3643 dorl.
170 3593 252 3642 Plum.
279 3592 349 3643 Velis
370 3599 398 3644 to
416 3594 575 3661 diiudicare,
593 3596 746 3662 praestetue·
758 3538 839 3646 haec.
852 3602 928 3654 quam
941 3565 1078 3649 aliquando
1098 3595 1146 3632 ex·
1223 3644 1233 3656 ,

82 3721 195 3786 cogitavi
212 3728 238 3773 et
254 3724 376 3790 probavi,
398 3743 449 3778 uon
466 3742 570 3794 prorsus
592 3726 689 3776 absona
714 3719 886 3786 distinguendi
911 3713 1050 3770 sententies
1065 3713 1146 3767 ratio:

81 3855 172 3906 Ac-
198 3855 221 3906 si
236 3854 276 3907 sas
293 3854 392 3908 dicere!
411 3888 445 3914 -,-
470 3861 524 3913 Sed
536 3855 590 3910 fas!
606 3886 639 3896 -
656 3857 746 3920 Tunc,
771 3869 891 3905 cum....
912 3847 1022 3917 relictis;
1041 3865 1146 3901 cum...

81 3992 186 4052 patruos
204 4002 255 4039 -ε
274 3994 349 4056 tuuc,
361 3972 441 4058 tunc,
460 3992 599 4059 ignoscite,
616 3993 684 4043 nolo.
701 3989 719 4041 i.
739 4005 762 4041 e.
788 3988 888 4040 diceres
905 3981 1010 4036 satiram
1027 3981 1148 4036 scribere.

82 4118 153 4173 Quid
170 4117 284 4171 faciam?
304 4123 357 4174 Sed
373 4140 429 4176 sum
448 4142 472 4192 p.
491 4142 530 4192 sp.
548 4121 684 4174 cachinno:
710 4115 902 4173 Scribimus...
923 4120 950 4169 et
963 4116 1012 4168 rel.

1132 4216 1204 4344 ι
1255 4190 1262 4215 .
