2564 4628
568 275 663 319 xxxta

84 465 204 547 quippe
224 462 280 545 qui
303 480 368 522 non
389 456 605 537 dubitaverim
623 456 696 540 ipra
715 449 824 518 libelli
838 453 963 517 adiecta
982 453 1088 523 altera
1108 460 1159 524 in-

84 580 298 662 inscriptione
319 577 461 639 iudicare
485 585 518 636 et
537 573 705 658 profiteri,
718 574 844 636 versari
865 571 925 637 hau
945 595 1037 652 meas
1055 598 1175 661 quae·-

85 698 209 761 stiones
229 716 267 758 ao
280 695 424 777 lugitiva
456 693 526 756 fere
550 711 648 755 manu
674 677 856 775 adspersae.
872 690 1158 767 adnotatiunculae

85 835 150 878 non
172 815 207 875 in
223 831 333 876 rerum
354 809 635 894 praetermodum
655 806 827 871 arduarum
847 809 1073 894 perfectione,
1099 812 1159 875 sed

86 941 205 993 conatu
224 928 362 1012 quodam
383 936 507 989 tantum
520 924 639 989 debere
654 929 853 1011 praevioque
866 925 1024 1012 periculo.
1045 922 1161 1000 Quod-

87 1048 116 1109 si
139 1058 251 1109 contra
271 1027 354 1130 quae
371 1064 388 1106 e
409 1065 498 1128 penu
517 1065 592 1107 meo
612 1043 864 1129 discrepantium
879 1043 1060 1108 lectionum
1078 1064 1161 1128 opu·

88 1160 222 1225 lautiori
247 1163 432 1246 depromta,
466 1177 581 1248 atque,
608 1161 667 1226 ubi
687 1159 813 1225 calculo
834 1182 909 1225 meo
930 1159 1162 1247 qualicumque
1186 1190 1191 1203 ·

64 1279 215 1382 kadiecto
237 1278 346 1342 lucem
363 1278 489 1362 aliquot
507 1278 591 1342 locis
612 1281 788 1343 accendere
809 1279 944 1355 tentavi,
963 1276 1109 1340 delibata
1123 1299 1163 1340 ac
1193 1338 1197 1345 .

1 1399 59 1490 ‘¹:⁶¹
88 1395 282 1495 ἀίεριιιιιιι..
272 1397 380 1456 animo
399 1395 470 1455 veri
491 1394 728 1466 anmntiesimo
725 1399 830 1472 '‚sunt
853 1415 918 1456 non
940 1415 1076 1477 prorsus
1097 1396 1165 1456 ini-

87 1532 151 1596 qua
174 1509 368 1573 arbitrorum
389 1507 476 1569 fer‘r‘e
500 1508 658 1588 suffragia
678 1505 895 1571 intellexero:
916 1511 1061 1570 omnium
1075 1511 1161 1574 inde

86 1645 233 1687 meorum
244 1617 343 1685 lartius
352 1623 484 1705 generis
493 1619 641 1684 laborum
655 1624 1164 1708 spinosissimorumpraeiudicii
1192 1698 1197 1711 x

88 1738 289 1824 aliquantum
297 1759 413 1822 capere
422 1739 612 1821 animosque
625 1741 775 1804 excitans
784 1762 880 1805 omen
890 1741 1020 1827 aliquod
1031 1740 1164 1808 licebit.

176 1854 411 1920 Verumtamen
431 1875 535 1941 panca
557 1855 762 1922 haecomnia
788 1859 879 1922 ocius
906 1860 1073 1925 mensibus
1097 1884 1163 1927 sex

45 1986 47 1990 ‘
89 1997 185 2060 quam
206 1997 227 2038 a
249 1973 402 2039 Praeside
421 1986 532 2038 nostro
560 1972 725 2042 decretum
756 1977 929 2064 aliquando
954 1991 1049 2064 atque
1072 1979 1163 2064 apud

90 2115 150 2159 nos
174 2090 382 2158 constitutum
403 2107 493 2172 erat,
524 2078 590 2158 eie.
609 2093 713 2159 literis
735 2109 771 2160 ut
792 2095 998 2175 mandarem,
1034 2100 1162 2161 monuit

72 2212 245 2275 „maturior
272 2209 434 2274 scribendi
461 2213 695 2298 opportunitas.
735 2211 836 2282 ,Hinc
865 2228 915 2278 est
945 2215 1162 2297 potissimum,

91 2326 177 2412 quod
197 2347 262 2391 non
282 2324 393 2389 dubito
418 2325 561 2410 nihilque
583 2323 709 2404 laboro,
730 2329 806 2411 quin
828 2332 955 2393 veniam
977 2331 1037 2394 sim
1058 2331 1163 2412 impe-

91 2457 231 2530 traturus
240 2434 364 2519 eorum,¹
376 2465 509 2528 qnorum
518 2443 737 2528 expectationi
747 2467 811 2510 non
822 2450 952 2514 omnino
969 2447 1163 2512 satisfacere

90 2572 237 2643 potuero.
284 2555 411 2643 Quippe
439 2563 548 2625 evenit
576 2583 677 2646 nuper
698 2565 864 2647 provincia
886 2563 979 2628 nobie
1005 2544 1165 2627 invitandi

93 2679 226 2751 Tutores
249 2697 287 2738 ac
308 2673 486 2756 Patronus,
513 2677 540 2741 F
541 2657 727 2742 autores'et
748 2679 878 2742 Amicos
898 2677 1029 2742 scholae
1050 2681 1166 2740 iuven-

18 2841 20 2849 ,
93 2796 232 2876 tutisque
255 2807 396 2855 nostrae.
442 2790 643 2876 Frequenter
664 2795 764 2889 igitur
784 2805 819 2856 ut
839 2791 952 2856 adesse
973 2792 1164 2875 dignemini,

92 2907 203 2987 voa,
236 2906 344 2971 viar·
364 2905 660 2984 Noarnrssmr,
691 2905 1043 2986 rnnvsrarssmr,
1069 2906 1164 2970 aaa·

94 3022 360 3100 craneum,
382 3020 718 3088 conanoroavoc
740 3024 981 3090 aaaroavu
1000 3022 1164 3128 rauca.

94 3141 179 3206 nus
216 3141 279 3206 nr
312 3139 468 3206 ouans
502 3136 690 3204 oumvu
720 3139 931 3208 caninum
953 3139 1063 3217 unu,
1104 3162 1166 3205 nea

95 3281 161 3324 non
183 3259 273 3321 VOS
298 3262 487 3344 quicumque
511 3257 695 3322 educationi
717 3271 751 3324 et
772 3262 969 3324 institutioni
988 3261 1165 3320 iuventutis

96 3377 178 3442 bene
199 3377 353 3459 cupiatis,
376 3388 472 3458 atque
495 3387 550 3436 aut
571 3371 700 3457 publico
724 3381 874 3459 quopiam
897 3372 948 3437 vel
965 3374 1089 3455 privato
1108 3396 1165 3457 pa-

96 3474 233 3559 trocinio
255 3490 348 3555 nobis
371 3492 532 3554 coniuncti
553 3492 642 3553 sitista
666 3486 757 3553 VOS
779 3486 931 3551 OMNES
960 3499 996 3550 ut
1015 3511 1164 3573 praesen·

97 3614 142 3674 tia
166 3607 340 3674 VESTRA
364 3629 502 3670 examen
526 3619 669 3671 nostrum
692 3628 807 3670 ornare
829 3602 1042 3689 audiendique
1069 3605 1165 3669 bene-

97 3725 240 3790 volentia
261 3727 416 3791 adiuvare
439 3724 558 3804 velitis,
580 3745 704 3786 surrnna
717 3746 788 3807 ⁸qua
810 3746 867 3808 par
889 3738 940 3788 est
961 3725 1164 3790 observantia

99 3858 131 3907 et
153 3841 260 3907 officio
282 3862 443 3928 regemne.

144 3960 330 4027 Scribebam
361 3956 509 4023 lireedae
530 3960 610 4044 ipsis
632 3955 710 4021 idib.
733 3957 817 4041 Aug.
842 3954 1164 4022 dlDCCCXXXlll.

490 4138 764 4161 ss--ffl
773 4146 777 4153 ¹
