2564 4628
608 272 650 332 39

93 549 95 554 Ι
190 473 266 539 Non
284 473 358 552 hic,
382 472 436 555 qui
456 470 491 534 in
511 466 658 551 crepidas
673 463 847 529 Graiorum
865 458 978 529 ludere
1000 476 1099 554 gestit

122 670 308 685 Μ

100 795 204 848 Weber.
222 793 250 846 in
269 795 294 847 h.
312 795 331 846 l.
349 790 453 845 omniuo
471 806 529 844 cum
547 788 587 841 his
603 787 714 852 haunt,
731 789 820 838 contm
837 773 929 839 censor
951 787 979 840 in
1002 789 1105 857 epham.
1123 795 1166 848 le.

100 941 173 978 nens.
192 943 215 977 a.
234 905 310 979 1'8'22.
331 944 357 979 n.
374 927 434 981 198.
452 943 507 977 canu
528 927 634 986 Fusalla,
653 919 697 988 qui
711 919 749 970 ita
766 917 885 985 exponit:
912 937 989 988 „qua
1010 924 1063 977 mei
1080 929 1166 995 operis

99 1059 209 1114 lectione
228 1062 363 1114 erubeseat
380 1061 462 1111 lector
478 1055 534 1108 eius
551 1069 567 1103 a
584 1066 626 1102 me
644 1065 707 1101 aure
726 1049 879 1116 vaporata.“
894 1052 954 1106 Non
969 1058 1091 1114 audiendi
1107 1070 1167 1118 aunt

99 1208 184 1262 neque
211 1193 366 1256 Ferrarius,
395 1187 439 1277 qm
463 1190 534 1238 uerte
558 1196 661 1233 sensum
680 1195 770 1232 sanum
783 1181 895 1235 indicat:
919 1203 980 1250 „ex
1004 1207 1055 1256 quo
1070 1196 1165 1263 scripto

27 1350 48 1377 .·
100 1323 164 1393 (sic)
188 1325 291 1377 illorum
317 1335 439 1373 accensus
456 1314 551 1379 veniat,
569 1312 613 1379 qui
636 1314 692 1365 vult
716 1329 775 1366 mea
799 1315 912 1368 carmina
936 1319 1032 1384 legere.
1041 1323 1058 1350 “
1082 1341 1167 1394 noque

102 1458 142 1510 Jo.
162 1454 343 1511 Britannicus:
361 1464 478 1517 „sensns
494 1453 548 1500 eat:
565 1445 626 1500 vide
641 1460 710 1498 num·
722 1451 776 1512 „ia
797 1466 851 1501 naeu
874 1450 957 1504 libello
977 1451 1073 1522 aliquid
1092 1457 1167 1514 inve.

100 1591 157 1644 nias
181 1589 257 1654 boni,
289 1602 323 1640 ex
346 1601 398 1654 quo
421 1540 503 1636 lector
531 1580 593 1633 milli
609 1579 770 1648 concilietur,
796 1589 824 1636 et
838 1583 980 1639 ferventior
995 1588 1041 1643 hat
1057 1593 1090 1644 ad
1108 1609 1166 1646 mea

89 1692 195 1791 ¹scripta
215 1721 337 1786 legenda.
374 1714 563 1776 murmurose
586 1713 648 1782 (sic)
672 1720 750 1783 poeta
776 1716 890 1773 declarat
915 1736 980 1788 opus
1005 1739 1080 1776 suum
1103 1725 1167 1780 utile

98 1803 191 1911 sured‘
229 1853 295 1905 Illud
311 1849 446 1901 iudicium:
463 1885 483 1914 „
493 1848 559 1900 uode
576 1848 714 1913 legendum
731 1854 786 1915 est,
810 1866 862 1903 non
879 1851 976 1911 s'ade.“
1000 1869 1034 1905 ex
1049 1855 1165 1912 Britanni.

99 1961 127 2040 iu
143 1954 259 2039 Ferrarii
272 1962 332 2036 edit
350 1984 387 2032 ut
396 1979 541 2032 sexcenties
566 1980 722 2033 verbotenus
746 1983 855 2036 transiit
890 1983 1029 2038 Caeterum
1045 2003 1080 2041 ex
1096 1989 1125 2045 h.
1141 2009 1166 2046 v.

99 2120 229 2172 illustrare
257 2116 322 2170 velis
343 2110 520 2163 difficillimum
548 2109 621 2163 illum
638 2112 803 2166 novissimum
820 2113 903 2168 'huius
926 2115 1030 2173 satirae.
1065 2121 1165 2190 Talem,

103 2250 201 2320 inquit,
221 2251 344 2303 lectorem
360 2240 452 2314 cupio,
479 2262 532 2298 non
554 2263 618 2301 vero
633 2246 778 2299 ¹sordidum
799 2245 953 2315 (pannosum
983 2251 1075 2331 luux,
1093 2256 1166 2324 101.)

102 2384 237 2451 municipii
255 2382 361 2435 minoris
378 2380 440 2433 olim
458 2375 569 2432 aedilem
582 2380 600 2432 i.
619 2396 642 2432 e.
659 2339 789 2433 hominem
816 2380 974 2434 inconditum
1002 2389 1030 2436 et
1046 2382 1167 2439 hebetem

100 2531 199 2584 suaque
215 2519 314 2567 tantum
330 2518 479 2576 curantem,
509 2510 553 2577 qui
574 2510 769 2577 consuevit-per
788 2510 872 2564 iorum
891 2513 1023 2565 ambulans
1040 2518 1167 2570 transma-

100 2651 184 2703 rinam
211 2661 324 2699 mercem
348 2648 426 2712 (nont
451 2641 602 2695 cothurnum
623 2642 815 2708 tragoedorum)
839 2645 951 2697 ludibrio
975 2645 1072 2699 habere
1087 2653 1114 2700 et
1132 2666 1167 2703 ex

100 2770 213 2837 decreto
230 2782 264 2833 de
292 2795 412 2864 mensura
439 2777 480 2831 ius
504 2771 595 2829 dicens
616 2776 741 2832 severiori
765 2775 869 2844 negotio
886 2783 976 2833 notare
991 2778 1167 2838 fraudulentos

99 2915 245 2969 venditores
270 2927 410 2978 eorumque
434 2925 518 2975 „vasa
538 2909 638 2976 minora
662 2911 780 2978 frangere
792 2911 811 2941 ‘⁶
835 2911 964 2979 (conseras
981 2930 1040 2966 eum
1062 2908 1167 2970 Britan

99 3047 157 3100 nico
173 3049 228 3101 luv.
245 3048 263 3098 l.
284 3043 333 3112 l),
358 3059 443 3112 neque
467 3043 545 3105 etiam
569 3029 629 3098 eum
658 3044 743 3097 civem
757 3046 909 3109 Romanum,
929 3045 973 3110 qui
988 3044 1167 3116 philosophiae

100 3179 214 3231 studium
237 3178 341 3228 damnat
365 3183 391 3228 et
417 3176 487 3230 illius
511 3178 648 3243 magistros
670 3176 750 3229 h'abet
771 3174 875 3240 irrisos3
898 3173 938 3226 lis
961 3191 1035 3230 mame
1050 3181 1165 3248 edictam,

100 3326 129 3375 p.
144 3277 169 3376 p.
187 3308 218 3361 C.
236 3308 262 3360 d.
280 3306 342 3361 vide
361 3306 408 3362 iul.
427 3307 504 3359 uuiti:
515 3307 588 3373 fere.
605 3309 640 3362 Ι).

80 3480 83 3485 “
170 3493 195 3530 v.
214 3474 272 3528 141.
293 3478 335 3542 qni
352 3490 418 3541 crep-
445 3471 509 3541 (del.
527 3473 565 3541 in)
594 3475 626 3528 F.
646 3475 681 3527 H.
700 3474 731 3528 E.
750 3475 778 3528 S.
811 3478 905 3545 interm.
923 3478 954 3530 P.
972 3475 1004 3529 V.
1026 3493 1050 3544 ρ.
1084 3478 1169 3531 ludere

93 3594 170 3678 ¹peste
190 3625 216 3676 p.
238 3611 333 3661 discere
350 3611 417 3661 lasea
433 3592 465 3660 R.
482 3608 516 3660 1).
534 3607 567 3661 Κ.
590 3609 609 3660 l.
627 3609 710 3661 lesem
730 3605 777 3677 (cf.
795 3600 919 3675 Gaaaub.)
937 3608 966 3660 in
987 3608 1058 3659 nullo
1083 3608 1166 3663 Godd.

54 3796 84 3813 ,χ
99 3743 230 3794 Msaorum
245 3754 369 3791 meorum·
401 3727 499 3793 Iiuecus
515 3737 541 3791 h.
559 3741 578 3792 l.
596 3737 661 3791 mihi
681 3756 734 3792 non
764 3743 804 3794 est
829 3737 1050 3808 povdpdaipou,
1070 3737 1165 3813 ἕτερά.

100 3871 237 3940 abaciaco,
256 3871 303 3924 sed
319 3871 350 3936 is,
369 3870 412 3938 qui
429 3873 536 3925 alterium
558 3869 712 3938 (sinistrum)
729 3873 830 3925 oculum
850 3862 989 3926 clausit-
1006 3892 1069 3943 prae
1094 3832 1174 3930 metu,

100 4001 248 4056 accedentis
273 4003 390 4070 „aedflis
411 4003 554 4069 fastidiosi,
567 4003 585 4030 “'
599 4003 658 4094 ‘qni
679 4003 702 4058 si
718 4020 794 4072 ,quae
815 4005 949 4073 improbae
964 4015 1032 4062 suut
1057 3961 1162 4075 merces,

24 4136 29 4141 '
99 4134 178 4194 iactat
195 4137 308 4191 omuea“
325 4127 375 4204 (sic
395 4137 480 4191 Pleni.
498 4137 567 4191 Rud:
584 4138 616 4202 Il,
634 4139 659 4203 3,
677 4137 751 4204 la),
769 4141 812 4196 vel
827 4139 865 4207 is,
886 4141 958 4195 euius
976 4142 1163 4210 „supercilium

1140 4288 1208 4336 A
