2564 4628
609 379 654 425 XV

87 569 178 635 neris
197 566 370 648 utrunque
386 559 563 648 exemplis,
573 566 671 640 inter
685 561 1055 651 quaeeriamaneedpte
1070 578 1159 647 sum,

86 684 326 773 suppeditatis,
357 679 499 745 aliorum
534 706 661 770 quoque
692 684 800 749 studia
831 704 905 767 pro,
921 681 1013 747 virili
1032 685 1157 749 invare.

85 801 274 869 Delibanda
293 809 404 862 autem
423 795 506 863 haee
526 822 634 886 panca
652 823 735 886 quae
756 804 793 866 in
812 800 955 871 medium
970 799 1157 869 vocavitur

84 909 257 1006 propterea
284 915 366 981 milri
391 913 585 991 videbantur
604 918 646 983 de
670 917 865 997 Codioihus,
888 918 965 1003 quia
984 919 1020 981 in
1041 939 1155 991 eorum

82 1059 220 1103 numero
246 1033 367 1099 multas
393 1036 495 1099 etiam
525 1034 687 1099 editiones
711 1037 878 1121 principes
898 1033 1066 1115 habendas
1088 1039 1152 1101 sci-

79 1175 172 1235 mus,
200 1175 336 1239 quarum
363 1174 465 1231 usus,
492 1153 522 1215 si
542 1173 647 1234 pauca
665 1155 821 1235 excipere
843 1150 947 1227 velis,
970 1153 1058 1227 idem
1078 1155 1150 1225 fere

75 1282 153 1352 est,
173 1270 278 1356 deque
299 1267 419 1355 quibus
437 1265 598 1330 nonnulla
619 1268 721 1333 rerba
737 1268 890 1351 ingratiis
910 1287 969 1349 per
989 1267 1073 1333 hanc
1093 1292 1150 1354 op-

77 1390 314 1474 portunitatem
342 1383 460 1461 addere
489 1382 597 1448 libelli
613 1385 767 1470 postulat
786 1381 935 1463 indoles,
971 1402 1076 1470 aeque
1100 1400 1149 1452 ta·

76 1525 155 1569 men
176 1515 213 1566 ut
230 1505 425 1581 edisseram,
447 1503 507 1569 sed
527 1511 563 1575 ut
583 1503 755 1588 indigitcm
777 1503 1014 1588 queritantur]
1038 1525 1076 1569 ac
1097 1506 1147 1570 le-

77 1641 148 1685 ram
171 1617 350 1686 voluntatis
372 1622 646 1706 praerogatiuam.

124 1782 127 1787 -
160 1737 269 1802 Etiam
297 1741 334 1803 in
353 1739 406 1803 his
427 1740 491 1803 tria
510 1737 661 1823 inprimis
683 1751 760 1813 sunt
779 1737 1000 1817 observande,
1021 1737 1143 1809 deseri·

73 1856 164 1940 pelo,
193 1876 294 1936 usus,
322 1858 517 1922 aestimatio.
570 1855 715 1921 Primum
741 1868 795 1925 est
825 1853 1141 1938 bibliographorum,

71 1971 200 2056 reliqua
226 1972 485 2058 philologorum.
534 1970 573 2035 Si
601 1971 850 2058 bibliographos
872 1973 978 2035 rarius
998 1971 1141 2054 philolo*

72 2109 134 2173 gos
162 2106 236 2150 esse
253 2093 324 2154 iure
343 2092 519 2175 querimur,
541 2089 652 2153 dolere
673 2093 806 2153 cumino
823 2086 1046 2171 multomagis
1065 2110 1142 2172 pos-

70 2225 202 2285 sumus,
236 2207 320 2290 quod
347 2205 511 2292 philologi
533 2209 688 2291 perpauci
710 2204 853 2269 habeant
872 2201 1136 2289 bibliographiae

68 2325 190 2386 veteris
215 2327 376 2389 notitiam.
425 2322 552 2408 Nempe
580 2320 805 2406 bibliographi
830 2318 935 2383 libros
955 2331 1032 2384 vett.
1057 2322 1137 2384 tamss

69 2460 165 2522 quam
200 2442 313 2524 cippos
336 2440 539 2526 sepulcrales
566 2439 781 2523 eergypto
800 2437 986 2520 adportatas
1008 2458 1135 2500 summa

67 2575 141 2616 cum
169 2575 246 2618 eura
274 2557 465 2640 designant,
497 2556 642 2618 defuncti
663 2558 806 2616 animum
827 2571 942 2635 parum
966 2566 1135 2628 curantes3

16 2750 18 2755 Ι
63 2670 214 2756 plerique
233 2672 399 2758 philologi
419 2685 533 2737 contra
550 2674 584 2738 id
606 2686 717 2758 agunt,
741 2684 777 2735 ut
799 2670 884 2733 libro
904 2669 979 2753 quid
1001 2684 1034 2734 et
1050 2692 1130 2754 quo-

66 2789 164 2851 modo
179 2791 403 2865 contineatur,
431 2791 597 2874 inquirant
619 2805 652 2856 et
673 2796 936 2876 perscrutentur,
957 2784 1056 2869 paulo
1080 2790 1130 2849 ni-

64 2908 166 2968 mium
186 2905 337 2991 neglecto
359 2907 472 2971 habitu
494 2923 647 2974 externo.
689 2905 786 2982 Quod
798 2907 863 2968 nisi
875 2906 921 2965 ita
935 2924 1064 2988 semper
1078 2907 1128 2969 fa-

65 3033 152 3084 ctum
178 3036 287 3115 esset,
317 3028 535 3092 accuratiores
564 3039 597 3088 et
624 3024 775 3088 utiliores
801 3020 996 3083 haberemus
1026 3021 1128 3086 libro-

61 3159 135 3202 rum
160 3141 377 3202 vetustiorum
401 3141 639 3226 descriptiones
667 3153 701 3203 et
725 3137 821 3223 plura
847 3155 950 3218 eaque
975 3139 1128 3200 aestima-

61 3255 182 3320 biliora
204 3256 371 3319 examina.

146 3371 368 3448 Vsuss‘earum
397 3385 431 3439 et
459 3370 616 3437 Codicum
647 3392 744 3436 mauu
771 3381 977 3437 exaratorum
1000 3394 1040 3439 eo
1063 3373 1125 3439 dii·

42 3499 138 3573 lert,
179 3492 273 3578 quod,
289 3514 393 3578 neque
421 3490 533 3576 glossa
559 3513 663 3576 neque
693 3512 805 3555 rasura
832 3490 1033 3572 respicienda
1061 3505 1121 3565 est,

60 3612 213 3689 (occurrit
228 3610 375 3695 quidem,
402 3623 437 3674 ut
451 3612 483 3673 in
503 3607 593 3674 editr.
610 3606 648 3669 R.
669 3621 702 3672 et
724 3626 789 3687 Ψ.,
818 3628 930 3670 rasma
945 3605 1019 3666 hinc
1035 3603 1120 3678 inde,

59 3729 143 3792 hane
165 3739 270 3790 tamen
297 3726 441 3792 eiusdem
472 3727 626 3791 momenti
654 3724 770 3790 ducere
802 3723 888 3798 noli,
924 3741 1017 3805 quam
1041 3694 1123 3802 qudo

58 3848 93 3909 in
116 3842 290 3909 Codicibus
313 3847 434 3910 existit.
485 3844 602 3911 Notari
633 3846 742 3928 utique
775 3862 887 3905 rasura
918 3835 1031 3914 debet,
1060 3838 1122 3901 nisi

58 3963 202 4025 incuriae
225 3960 305 4027 velis
320 3967 412 4048 argui
430 3967 470 4030 ab
491 3967 542 4043 iis,
567 3966 619 4049 qui
643 3962 789 4026 eiusdem
808 3955 942 4023 rarioris
965 3953 1041 4017 libri
1063 3973 1124 4015 ex·

60 4078 199 4164 emplum
223 4081 417 4164 possident).
469 4081 597 4148 Textus
619 4104 647 4164 q.
669 4103 699 4141 u.
723 4079 852 4139 omnino
875 4076 906 4135 in
929 4068 1125 4133 editionibus

58 4209 156 4275 vett,
184 4199 301 4282 quippe
332 4198 490 4264 immobili
512 4199 697 4262 charactere
725 4191 903 4273 otiabitur,
941 4183 1065 4250 firmius
1095 4198 1126 4250 et
