2564 4628
529 287 649 366 'ur

192 503 332 566 Contere
350 501 462 564 eredas
480 501 673 590 Pegaseium
696 514 817 567 nectar.
839 536 880 551 -

191 671 247 748 „0
265 693 358 734 ouras
374 670 539 734 hominum
550 671 596 733 !›o
613 684 765 759 quantum
775 676 866 737 estin
877 669 975 736 rebus
989 675 1103 743 inane!
1128 680 1167 740 15

104 831 311 843 ——.——.

102 920 180 973 8293.
202 936 272 973 saec.
288 921 357 986 XV.)
376 928 403 974 et
422 926 540 990 poeticine
559 943 584 978 n.
602 925 678 979 8000.
704 922 787 977 eiusd.
808 939 876 976 naec.
913 914 956 976 Ne
980 942 1046 977 unus
1066 926 1171 1016 quide'm

106 1029 221 1106 meorum
240 1055 334 1108 habet:
347 1059 471 1123 poetriae,
490 1057 557 1122 quod
578 1063 637 1122 post
652 1057 780 1122 Soopparn
802 1055 911 1108 Cosano.
929 1063 957 1109 et
968 1056 1087 1110 Reiziurn
1103 1063 1172 1111 rnul-

104 1187 144 1236 tos
166 1186 281 1238 vindices
302 1191 406 1238 nactum
425 1191 471 1237 est.
510 1186 603 1237 Glossa
622 1191 690 1237 vei:
717 1185 833 1252 poetriae
861 1188 1004 1246 studentes.
1037 1194 1127 1245 Potest
1144 1195 1172 1244 in

104 1314 196 1366 Persio
226 1316 289 1367 ferri
315 1333 368 1370 uox
395 1320 527 1384 poetridno
554 1275 645 1368 eoilem
670 1315 740 1379 iure,
772 1332 822 1382 quo
850 1320 995 1384 Pcynseium
1018 1339 1043 1374 v.
1069 1325 1173 1393 subseq.
1255 1313 1268 1325 ⁶

108 1445 182 1498 Conf.
200 1446 315 1502 Passow.
336 1467 363 1516 p.
377 1451 440 1502 230.
453 1452 512 1502 231.
534 1450 631 1500 Iacobs.
650 1448 683 1498 ad
700 1447 933 1518 Αῃώο1ΧΙ.91.;
951 1434 1040 1505 Valok.
1047 1454 1080 1504 ad
1087 1454 1171 1506 Adon.
1257 1529 1260 1543 Ι

107 1594 132 1631 v.
152 1581 184 1631 21
211 1586 239 1631 et
261 1581 294 1632 ad
318 1580 397 1632 schol.
422 1579 495 1631 Leid.
524 1598 550 1647 p.
570 1533 727 1648 oosuipsn
748 1582 861 1636 Brunck.
884 1585 918 1669 eri
940 1586 987 1640 Ar.
1004 1587 1074 1640 Nub.
1090 1591 1192 1654 728.)

106 1711 219 1766 Lobeok.
237 1715 270 1765 ad
288 1714 383 1779 Phryn.
395 1732 425 1797 P·
443 1712 601 1771 roo-257.

99 1856 106 1873 ‘
140 1850 225 1913 piccus
243 1851 278 1914 βῑ
286 1851 333 1901 rel.
351 1866 418 1901 omn.
441 1829 532 1914 piens}
553 1846 630 1931 male*
649 1823 714 1896 vidit
731 1828 843 1901 Paesow.
867 1867 894 1916 p.
912 1853 971 1903 227.
991 1850 1108 1903 Ferrarii
1125 1868 1174 1904 ex-

107 1984 186 2048 empl.
205 1983 352 2035 Dresdense
363 1981 441 2032 habet
460 1984 549 2047 piens,
570 1992 622 2028 non
641 1981 719 2044 piros.

96 2156 100 2164 .
175 2130 200 2167 v.
222 2111 263 2166 14.
303 2117 389 2166 arnallus
416 2073 453 2165 M
480 2114 511 2164 0.
541 2113 575 2167 Q.
592 2111 624 2164 X.
645 2113 678 2164 T.
697 2130 722 2164 α.
743 2116 771 2179 β.
788 2131 814 2180 7.
835 2116 881 2166 roi.
899 2131 967 2169 omn.
988 2121 1073 2170 melos.
1106 2121 1174 2175 Vide

107 2266 172 2318 quae
187 2247 244 2300 ‘dixi
260 2249 294 2300 ad
313 2265 338 2301 v.
360 2246 384 2300 5.

140 2402 272 2453 peyuseonr
288 2385 321 2438 P.
342 2380 375 2433 A.
392 2381 426 2433 N.
444 2382 474 2433 Β.
493 2382 526 2432 D.
543 2383 576 2434 G.
592 2383 622 2434 L.
640 2383 673 2435 K.
694 2383 725 2434 V.
745 2383 776 2434 R.
797 2394 826 2435 rr.
844 2391 870 2434 ἱ.
893 2381 927 2434 A.
953 2387 1000 2435 rel.
1021 2389 1172 2450 pannonum.

96 2548 99 2554 '
141 2564 189 2618 per
204 2562 337 2614 peqnseum
353 2540 436 2598 nueios'
446 2555 476 2597 re.
499 2549 526 2599 ἱ.
542 2546 582 2596 Ψ.
597 2544 648 2612 A.3
668 2547 697 2598 in
715 2548 747 2599 R.
761 2562 814 2601 vox
834 2565 881 2613 qur
898 2562 972 2598 erasa
985 2553 1032 2601 est.
1062 2549 1173 2603 Contere

106 2684 244 2764 reinerium
260 2681 338 2731 nuelor
358 2680 454 2732 wedre.
474 2678 505 2732 C.
527 2695 550 2750 ρ.

175 2830 199 2866 v.
219 2810 262 2864 15.
298 2813 362 2863 Post
387 2810 523 2864 iambicam
547 2814 778 2880 introductionem,
805 2815 833 2866 in
860 2831 911 2880 (sun
934 2812 1038 2864 Persius
1062 2815 1174 2868 numeris

110 2945 209 3012 graecis
232 2946 319 2998 iocose
341 2962 401 2998 usus
422 2954 471 3014 eet,
482 2946 568 3013 ¹satira
584 2947 667 3015 prima
685 2962 736 2998 una
753 2947 820 3013 sere
837 2945 998 2998 continuatur
1014 2962 1072 2999 oum
1090 2948 1176 3003 verbio

110 3079 244 3132 monitoris
265 3085 310 3130 aut
333 3079 409 3131 amici
430 3079 545 3132 alicuius.
583 3081 613 3130 In
634 3079 752 3133 editoe.
769 3079 803 3128 X·
822 3079 855 3128 Τ.
873 3092 1000 3140 personae
1025 3078 1121 3158 diffugi
1137 3082 1175 3133 ita

111 3219 170 3267 sunt
186 3212 364 3277 significatae:
392 3229 417 3265 v.
440 3215 465 3264 1·.
495 3213 519 3262 Ο
544 3200 612 3273 our.)
639 3194 711 3258 Peri.
733 3223 757 3258 v.
778 3209 803 3257 2.
822 3202 887 3259 uois
902 3204 968 3272 leg.)
984 3207 1103 3261 monitor.
1123 3212 1177 3264 min

110 3347 150 3413 tu)
169 3349 242 3398 Pers.
262 3359 339 3396 nonno
356 3341 381 3392 h.
409 3341 445 3408 e.)
471 3343 541 3394 Mon.
568 3320 746 3406 nemo)1'³ers.
770 3354 795 3393 v.
812 3339 837 3390 3.
855 3339 904 3390 Vel
921 3338 984 3407 duo)
1000 3342 1074 3398 Mon.
1091 3346 1177 3413 turpe)

111 3481 183 3532 Pers.
201 3496 226 3532 u.
244 3479 285 3530 10.
312 3476 395 3543 Noto)
422 3477 493 3529 Mon.
518 3493 544 3530 v.
571 3477 612 3527 ll.
638 3473 707 3529 Quid
730 3472 796 3541 sac.)
821 3475 892 3526 Pers.
917 3492 943 3530 r.
960 3474 1008 3528 28.
1026 3475 1061 3527 At
1077 3478 1177 3546 pulch.)

112 3617 184 3668 Mon.
203 3629 227 3664 v.
248 3613 289 3664 30.
310 3626 371 3663 eooe
395 3610 475 3678 inter)
493 3564 565 3662 Pers.
592 3625 619 3664 v.
638 3606 679 3660 40.
700 3605 782 3672 rides)
813 3607 884 3658 Mon.
901 3606 953 3674 nit)
970 3609 1041 3659 Pers.
1060 3609 1177 3677 etnim.)

108 3751 184 3800 Pers.
202 3763 228 3797 u.
245 3741 287 3794 44.
307 3742 441 3809 Quisquis)
458 3744 531 3795 Pers.
545 3760 569 3796 v.
579 3742 621 3796 90.
640 3739 722 3804 arnna)
738 3739 809 3791 Mon.
829 3757 853 3793 v.
872 3742 914 3794 97.
934 3743 962 3790 ut
978 3741 1088 3809 ramale)
1104 3725 1177 3800 Pers.

112 3899 137 3934 v.
156 3880 197 3933 98.
217 3874 360 3942 Quidnam)
376 3877 447 3930 Mon.
464 3896 488 3932 v.
499 3879 541 3933 99.
559 3874 659 3942 Torva)
676 3875 749 3926 Pers.
771 3872 836 3937 (non
854 3874 880 3925 in
898 3871 943 3939 Τ.)
959 3889 987 3939 ἐν.
998 3874 1057 3928 107.
1071 3877 1124 3927 Sed
1142 3877 1179 3943 q.)

113 4016 184 4066 Mon.
203 4031 227 4066 v.
248 4011 308 4064 110.
323 3995 375 4062 Per
394 4009 448 4075 me)
472 4012 544 4066 Pers.
567 4029 592 4066 u.
621 4010 679 4065 119.
703 4009 839 4076 nusquam)
869 4011 938 4061 Mon.
964 4023 989 4060 v.
1007 4006 1065 4059 120.
1083 4006 1125 4060 hio
1142 4014 1182 4062 ta-

113 4160 187 4215 meu)
205 4148 277 4199 Pers.
