2564 4628
620 74 707 149 tl,

539 335 543 347 ‘
588 317 668 365 XXXI

104 513 361 582 commentarius
382 513 419 572 of
434 501 555 572 Badius
575 487 714 581 Ascens.
731 502 795 566 and
815 498 1039 581 Britannicum
1060 511 1166 578 tvbioh
1207 523 1209 528 '

103 637 154 699 cdss
170 636 198 711 il
215 636 241 693 it
264 632 384 707 existe,
403 629 432 690 is
455 645 497 686 no
521 621 621 685 doubt
640 620 693 683 the
717 619 789 684 first
811 621 862 685 ed.
880 623 918 685 of
927 619 1049 690 Badius
1069 628 1166 696 Com.

103 763 263 831 rnentaryt
293 743 377 807 Tne
400 741 579 826 presentis
601 738 734 803 nottho
757 737 852 816 first,
877 740 908 802 is
928 739 1089 828 probably
1112 747 1167 812 the

103 866 236 934 second.
255 863 377 928 Badius
399 858 583 921 dedication
597 853 699 938 being
712 855 807 918 dated
824 863 907 923 1499
919 857 962 920 ad
979 858 1075 926 Sext.
1090 863 1168 930 Kal.

101 983 201 1050 Febr.
231 1003 276 1045 ex
306 976 577 1058 officina'nostra
602 967 860 1055 Lugdunensi.“
890 1010 928 1025 -a
957 1002 1000 1026 -ι-
1030 979 1086 1044 Ex
1117 983 1171 1048 hi,

105 1100 255 1165 omnibus
282 1095 364 1159 milii
385 1097 539 1179 apparet,
569 1090 746 1152 editionem
773 1112 869 1174 quam
893 1096 1041 1176 agimus,
1067 1101 1171 1185 siqui·-

104 1220 178 1283 dem
209 1212 360 1280 verbis'
352 1231 388 1271 ιιι
414 1205 503 1270 calce
543 1207 660 1288 positis
681 1205 779 1268 fidem
798 1204 919 1286 habere
946 1209 1041 1296 licet,
1080 1220 1171 1298 prius

103 1333 267 1420 prodiisse
289 1347 389 1408 supra
410 1325 494 1385 dicta
515 1322 567 1382 ed.
585 1321 642 1399 Χ.,
661 1333 729 1382 tres
744 1332 852 1382 autem
872 1321 1025 1408 deinceps
1047 1332 1082 1392 in
1092 1328 1174 1396 vul

107 1471 171 1533 gus
203 1447 320 1506 missas
347 1441 450 1513 fuisse
479 1437 640 1500 editiones
662 1436 897 1521 Ascensianast
924 1443 1271 1533 PQAEQ-,z

107 1549 238 1626 dunia.
259 1564 352 1621 1499.
380 1557 521 1618 fortasse
544 1575 656 1616 mense
674 1551 790 1633 Febr
810 1525 926 1618 deinde
950 1576 1093 1646 nostiam
1112 1565 1173 1629 Pa-

74 1734 76 1738 .
104 1681 246 1743 risiisa
269 1679 362 1739 1500.
387 1687 498 1735 mense
516 1671 620 1752 Maro,
638 1674 767 1734 tertiam
787 1672 861 1737 den
830 1694 908 1758 nrqu
948 1675 1040 1744 illam
1055 1682 1106 1746 edi
1126 1682 1172 1765 X,

105 1798 224 1858 iterum
244 1792 396 1877 Lugdun.
418 1790 536 1855 Mense
558 1787 718 1872 Augusto.
738 1814 782 1837 ·-·-
995 1764 1086 1849 -lss
1095 1766 1182 1837 33-

1159 1370 1276 1474 diu

193 1932 263 1995 Iam
282 1927 429 2012 quarnris
450 1943 515 1987 non
537 1945 575 1986 ea
596 1926 658 1986 sim
678 1925 883 2006 arrogantia,
900 1929 1027 2009 grande
1051 1890 1174 2018 aliquid

106 2049 217 2114 uthis
247 2031 402 2126 exegisse
428 2040 510 2104 mibi
537 2041 769 2124 persuadeam,
801 2062 905 2126 neque
935 2050 1024 2108 tanta
1044 2041 1173 2129 fiducia,

107 2180 145 2230 ut
174 2183 302 2249 sperem
328 2161 399 2223 fore
432 2171 468 2222 ut
488 2160 721 2241 ⁴imperfectum
751 2156 813 2221 boc
836 2168 869 2220 et
889 2181 1037 2227 mancum
1058 2170 1174 2259 aetatis

106 2282 263 2347 iuvenilis
291 2280 457 2362 specimen
485 2299 558 2339 eanr
579 2278 645 2339 vim
668 2280 711 2340 sit
736 2275 938 2360 habiturum,
960 2293 997 2344 nt
1017 2281 1174 2365 plurimas
1214 2276 1218 2282 ’

109 2410 143 2462 et
164 2400 324 2461 struximus
345 2416 385 2457 eo
402 2393 609 2457 difficultates
633 2415 678 2456 ex
697 2396 803 2478 prima
821 2393 928 2457 Persii
948 2400 1048 2459 satira
1067 2421 1176 2462 rento-

108 2532 161 2580 tas
189 2513 265 2575 Viri
292 2513 379 2572 docti
413 2509 713 2589 iudicentrmagno
736 2520 844 2571 tamen
866 2533 963 2594 opere
992 2534 1043 2575 me
1077 2515 1178 2580 laeta·

109 2645 219 2694 turum
238 2608 381 2709 ingenue
400 2625 517 2702 fateor,
536 2625 567 2685 si
585 2643 630 2684 ex
651 2625 903 2706 sapientioribus
926 2629 1098 2713 iudicibus,
1122 2637 1177 2718 qni

111 2770 179 2812 non
207 2742 475 2830 quemadmodum
501 2739 650 2802 nonnulli
675 2739 802 2822 solent,
824 2744 958 2830 insuper
980 2747 1122 2811 habeant
1144 2764 1178 2814 et

110 2861 261 2954 liberalis
279 2859 421 2923 hominis
443 2858 550 2928 studio
570 2859 741 2941 indignum
760 2880 894 2943 prorsus
915 2877 1071 2930 censeant
1084 2888 1177 2930 accu-

110 2974 215 3044 ratius
236 2975 358 3042 veteris
383 2976 537 3037 editionis
557 2977 738 3058 cuiuspiam
761 2995 918 3056 examen,
941 2980 1050 3044 oleum
1072 3005 1122 3044 me
1145 2995 1178 3047 et

114 3115 248 3178 operam
268 3091 427 3153 eiusmodi
452 3092 538 3152 euris
561 3090 807 3174 haudquaquam
836 3094 1017 3174 perdidisse
1048 3100 1179 3160 audive-

112 3231 171 3286 ro,
186 3198 287 3291 'atque
310 3208 406 3268 sicuti
418 3227 448 3266 'a
467 3209 621 3268 novitatis
640 3209 772 3285 favore,
794 3207 840 3269 ita
859 3205 899 3267 ab
921 3209 1071 3274 utilitatis
1090 3234 1180 3277 erno-

114 3327 260 3388 lumento
285 3322 370 3385 haud
393 3343 508 3406 parurn
525 3323 568 3385 iis
590 3323 743 3386 accedere
766 3315 1067 3391 commendationis.
1092 3327 1180 3404 Qua·

114 3465 184 3507 rum
215 3455 324 3503 tamen
351 3442 381 3502 si
408 3458 491 3525 quae
522 3436 655 3499 utilitati
684 3444 789 3523 magis
819 3442 992 3506 consulere
1016 3436 1179 3530 aliquibus

117 3580 212 3642 quarn
239 3557 424 3640 elegantiae
445 3556 616 3618 videantur
636 3558 716 3618 satis
736 3557 862 3635 lacere,
893 3559 951 3623 dot
972 3570 1104 3644 rogatos
1126 3583 1181 3624 cu-

112 3678 170 3757 pa'e
200 3678 295 3735 etium
325 3682 421 3756 utque
441 3679 554 3747 etium,
580 3671 639 3734 due
653 3672 815 3756 plagales
835 3685 873 3738 ut
891 3698 932 3739 ne
949 3678 1047 3754 ferte
1067 3676 1183 3740 editio·

117 3795 169 3853 aie
188 3807 280 3850 meae
290 3793 447 3871 specimen
465 3808 534 3851 ecee
552 3794 748 3868 ercietiment,
770 3809 875 3873 neque
890 3803 1082 3873 exspectent
1098 3795 1183 3878 quod

118 3905 171 3968 hic
194 3924 299 3988 neque
320 3902 396 3964 dare
417 3900 508 3965 volui
529 3925 643 3989 neque,
656 3906 769 3988 potui,
787 3903 942 3988 partibus
965 3910 1033 3971 suis
1052 3911 1181 3993 quidem

119 4019 305 4085 absolutum
329 4018 467 4103 aliquid,
498 4023 641 4084 onradus
666 4019 814 4087 limatum
834 4019 1087 4108 diligentiusque
1107 4047 1182 4110 per-

117 4135 256 4223 politum
280 4135 440 4203 idoneove
469 4133 616 4219 quolibet
635 4137 799 4198 doctrinae
820 4139 985 4218 praesidio
1007 4137 1183 4226 firmatum,
