2564 4628
639 246 658 303 6

198 442 349 506 Hederae
367 458 538 524 sequaces:
561 440 632 520 ipse
655 441 886 528 senripagunus

114 633 321 649 ———.-.-

113 753 212 866 erector]
247 779 287 826 lta
303 773 424 839 deinceps
441 772 518 826 lectio
536 783 598 825 vera
616 769 718 823 videtur
734 769 866 838 inquinata
883 789 956 825 esse:
975 771 1180 852 areolum-dulce·

113 906 209 968 dinem,
240 908 299 970 rael,
327 909 425 972 asellos,
452 909 545 972 cretos,
574 918 682 960 wrthen·
723 904 803 957 Notat
825 905 896 971 Scip,
919 903 1072 957 Ferrarius:
1091 898 1180 966 m³10⁸)

113 1035 187 1086 dulce
213 1043 239 1088 et
262 1021 557 1103 nectareum'carmen,
583 1037 694 1104 priorem
717 1037 795 1090 hubet
818 1041 969 1103 correptam.
994 1034 1043 1102 (in
1059 1039 1182 1087 contextu

112 1173 184 1221 extat
200 1172 307 1239 vitellos).
339 1173 407 1227 Vide
426 1173 461 1225 sis
479 1173 547 1229 Cod.
566 1172 651 1225 Oxou.
659 1173 733 1225 Bodl.
746 1171 779 1225 Ρ.
792 1173 817 1224 1.
828 1167 869 1222 15.
877 1185 943 1220 saec.
951 1170 997 1233 XI,
1008 1168 1054 1219 lib.
1066 1167 1182 1234 optimae

111 1307 199 1369 notae,
216 1305 261 1372 qui
278 1306 372 1359 habet:
390 1305 487 1371 nector)
505 1305 523 1358 i.
536 1323 559 1380 e.v
570 1259 652 1358 malus
661 1294 731 1372 (sic),
742 1307 831 1370 melos,
841 1320 950 1357 carmen.
968 1300 1104 1353 Ineodem
1118 1301 1181 1353 Cod.

104 1436 209 1503 'optime
224 1455 363 1505 cognosces
380 1440 506 1506 originem
522 1436 640 1490 lectionis
655 1439 768 1504 relinquo
784 1454 818 1490 ex
833 1437 935 1490 verbis:
950 1429 1075 1499 relinquo)
1088 1447 1140 1499 pro
1154 1449 1183 1485 eo

278 1575 321 1626 rel
343 1572 470 1663 relinquo.
510 1572 540 1622 ln
565 1568 631 1626 Cod.
655 1568 1003 1642 Emmeranemillatisbom
1022 1567 1097 1620 1⁴11.
1117 1567 1182 1620 bibl

111 1702 180 1769 quod
198 1708 237 1773 cst
279 1709 399 1784 permitto
459 1725 465 1733 “

280 1842 393 1913 concedo

110 1977 212 2030 Monac.
231 1993 300 2047 saec.
316 1977 349 2044 X,
368 1977 441 2029 extat
456 1974 554 2026 rmritto
561 2012 572 2038 ,
587 1977 634 2028 sed
650 1993 720 2048 man.
737 1979 762 2028 2.
779 1975 894 2028 eiusdem
909 1975 964 2028 iere
983 1977 1107 2043 temporis
1126 1984 1181 2032 ter-

109 2109 173 2160 tiam
191 2111 267 2177 istem
284 2075 413 2174 glossam:
428 2108 484 2173 „oet
502 2095 614 2174 relinquo
623 2107 641 2136 “
657 2113 787 2175 tamquam
804 2110 979 2166 diversitatem
996 2087 1115 2165 lectionis
1134 2115 1182 2166 ad-

111 2239 188 2305 di‹lit;
217 2244 243 2292 et
259 2239 297 2292 sic
313 2256 390 2308 porro
407 2240 473 2292 haec
489 2239 517 2291 in
534 2238 644 2291 Codices
662 2241 731 2293 etin
747 2241 831 2309 ipsam
847 2243 964 2298 Passovii
982 2245 1123 2301 editionem
1143 2249 1182 2302 ir-

110 2365 199 2441 repsit
215 2391 296 2443 nuper
313 2391 329 2427 a
345 2375 448 2429 Plumio
463 2375 546 2428 denuo
563 2371 699 2427 vindicata.
723 2374 791 2428 Hinc
806 2381 893 2430 tamen
908 2377 959 2429 duo
973 2376 1091 2445 inprimis
1108 2396 1184 2433 com·

110 2509 256 2560 mendanda
274 2509 348 2562 nobis
370 2478 502 2576 ridentum}
529 2513 555 2561 et
582 2512 690 2563 alterum
710 2510 832 2579 quidem,
858 2466 892 2564 nt
905 2516 1008 2578 praeter
1024 2511 1099 2567 editt.
1117 2522 1181 2569 vett.

109 2636 364 2706 Commentariosque
389 2640 499 2694 Codices
523 2644 608 2695 Mssos
631 2644 715 2696 Persii
738 2645 913 2695 consulamus:
945 2649 1005 2693 sunt
1021 2650 1107 2695 autem
1121 2665 1183 2709 ‚nu-

74 2822 78 2831 .
107 2768 219 2836 perrime
241 2768 285 2835 qui
311 2770 408 2836 aliquid
430 2748 519 2824 salutis
536 2772 596 2831 iude
612 2771 811 2821 redundaturum
828 2770 993 2836 desperantes
1010 2770 1060 2823 hoc
1076 2772 1184 2832 dissua-
1213 2766 1216 2771 ⁴

108 2906 210 2967 serunt;
228 2901 322 2954 deinde
332 2918 377 2954 eos
392 2909 421 2955 ut
436 2910 506 2957 recte
519 2901 693 2987 adhibeamus,
710 2915 804 2966 magna
814 2902 954 2966 glossarum
963 2902 1052 2958 habita
1067 2909 1179 2968 ratione.

175 3036 247 3088 ldem
262 3038 331 3091 valet
348 3036 380 3089 de
399 3035 481 3088 codd.
499 3030 616 3097 Horatii3
635 3032 776 3086 monendus
789 3039 875 3088 tamen
891 3034 929 3087 ibi
946 3043 986 3090 est
1003 3038 1121 3107 criticus,
1148 3051 1179 3099 ut

107 3185 140 3221 ne
155 3168 261 3220 nimiam
278 3169 370 3234 glossis
384 3169 463 3222 fidem
479 3167 574 3220 habeat
591 3167 764 3237 iudiciumque
780 3170 866 3239 potius
883 3172 994 3240 primum
1013 3188 1069 3225 esse
1086 3174 1178 3230 iubeat

107 3301 229 3352 arbitrum
248 3304 273 3351 et
294 3300 367 3366 quasi
384 3300 501 3372 spiritum
518 3299 689 3369 divinantem,
717 3305 854 3358 lectionum
876 3308 1068 3370 glossarumque
1096 3321 1175 3373 aquas

107 3421 289 3509 moderantem,
331 3435 424 3488 Trium
448 3451 512 3502 quos
542 3398 639 3502 eligere
666 3439 752 3502 placet
773 3440 886 3490 locorum
911 3436 1006 3504 primus
1034 3441 1073 3489 est
1098 3439 1173 3506 epist.

106 3568 185 3634 1,15‚
207 3567 249 3631 lli.
276 3569 362 3623 Habet
378 3569 416 3621 ibi
435 3569 500 3645 Cod.
522 3571 544 3620 J.
564 3568 642 3640 (Regf
662 3571 738 3623 7977.
758 3569 783 3622 9.
804 3584 844 3635 ap.
863 3567 982 3634 Pottier.)
1000 3571 1172 3624 cittis-nunri-

106 3703 222 3768 tionibus,
249 3707 275 3754 et
293 3702 357 3754 Cod.
370 3706 391 3753 l.
409 3700 502 3768 (Poris.
522 3703 584 3754 bibl.
603 3703 636 3754 de
652 3700 803 3764 l'Arsenul):
823 3703 889 3752 villis
906 3701 924 3754 i.
942 3719 965 3756 e.
980 3704 1075 3770 pudoris
1093 3707 1173 3754 oroni-

104 3831 224 3885 ea'ouilncs.
268 3834 383 3901 Apparet
406 3833 526 3886 librarios
546 3838 657 3901 glossam
681 3835 790 3887 alienam
817 3835 1018 3904 transscripsisse
1042 3851 1075 3886 ex
1091 3834 1172 3901 libris,

104 3965 149 4032 qui
172 3972 289 4020 tenerent
316 3967 451 4041 lectionem
476 3968 561 4019 collis.
604 3967 642 4017 lta
665 3971 750 4019 autern
769 3969 872 4021 omnino
889 3985 956 4020 mun
977 3974 1002 4023 1.
1023 3972 1174 4021 exaraverat

101 4096 128 4174 in
147 4099 278 4189 antiquiss.
299 4099 380 4174 Codd.
399 4101 507 4154 Parisin-
527 4101 558 4174 Ε,
577 4101 598 4153 Β
617 4107 643 4153 et
659 4117 687 4189 p
706 4098 871 4166 (Vurrderb.),
890 4115 997 4166 quorum
1018 4099 1108 4152 ultimo
1130 4118 1175 4152 ea-
