<?xml version="1.0" encoding="UTF-8"?>
<!DOCTYPE html PUBLIC "-//W3C//DTD XHTML 1.0 Transitional//EN"
    "http://www.w3.org/TR/xhtml1/DTD/xhtml1-transitional.dtd">
<html xmlns="http://www.w3.org/1999/xhtml" xml:lang="en" lang="en">
 <head>
  <title>
</title>
<meta http-equiv="Content-Type" content="text/html;charset=utf-8" />
  <meta name='ocr-system' content='tesseract 3.04.00' />
  <meta name='ocr-capabilities' content='ocr_page ocr_carea ocr_par ocr_line ocrx_word'/>
</head>
<body>
  <div class='ocr_page' id='page_1' title='image "aulipersiiflacc01persgoog_0015.png"; bbox 0 0 2564 4628; ppageno 0'>
   <div class='ocr_carea' id='block_1_1' title="bbox 637 412 673 454">
    <p class='ocr_par' dir='ltr' id='par_1_1' title="bbox 637 412 673 454">
     <span class='ocr_line' id='line_1_1' title="bbox 637 412 673 454; baseline 0 0"><span class='ocrx_word' id='word_1_1' title='bbox 637 412 673 454; x_wconf 79' lang='lat' dir='ltr'><strong>Vl</strong></span> 
     </span>
    </p>
   </div>
   <div class='ocr_carea' id='block_1_2' title="bbox 123 572 1193 1026">
    <p class='ocr_par' dir='ltr' id='par_1_2' title="bbox 123 572 1193 1026">
     <span class='ocr_line' id='line_1_2' title="bbox 124 572 1192 695; baseline 0.002 -35"><span class='ocrx_word' id='word_1_2' title='bbox 124 599 212 682; x_wconf 84' lang='lat' dir='ltr'><strong>piam</strong></span> <span class='ocrx_word' id='word_1_3' title='bbox 233 608 346 695; x_wconf 82' lang='lat' dir='ltr'><strong>petere</strong></span> <span class='ocrx_word' id='word_1_4' title='bbox 368 614 528 668; x_wconf 83' lang='lat' dir='ltr'><strong>censeam3</strong></span> <span class='ocrx_word' id='word_1_5' title='bbox 552 593 615 656; x_wconf 90' lang='lat' dir='ltr'><strong>hoc</strong></span> <span class='ocrx_word' id='word_1_6' title='bbox 637 572 745 658; x_wconf 79' lang='lat' dir='ltr'><strong>tamen</strong></span> <span class='ocrx_word' id='word_1_7' title='bbox 768 592 1056 662; x_wconf 83' lang='lat' dir='ltr'><strong>vehementissime</strong></span> <span class='ocrx_word' id='word_1_8' title='bbox 1078 596 1192 662; x_wconf 89' lang='lat' dir='ltr'><strong>dolen-</strong></span> 
     </span>
     <span class='ocr_line' id='line_1_3' title="bbox 125 692 1191 800; baseline 0 -22"><span class='ocrx_word' id='word_1_9' title='bbox 125 715 200 778; x_wconf 91' lang='lat' dir='ltr'><strong>dum</strong></span> <span class='ocrx_word' id='word_1_10' title='bbox 222 692 443 792; x_wconf 77' lang='lat' dir='ltr'><strong>indicaverim,</strong></span> <span class='ocrx_word' id='word_1_11' title='bbox 462 723 497 774; x_wconf 88' lang='lat' dir='ltr'><strong>et</strong></span> <span class='ocrx_word' id='word_1_12' title='bbox 517 724 568 777; x_wconf 85' lang='lat' dir='ltr'><strong>est</strong></span> <span class='ocrx_word' id='word_1_13' title='bbox 589 712 738 797; x_wconf 81' lang='lat' dir='ltr'><strong>prolecto</strong></span> <span class='ocrx_word' id='word_1_14' title='bbox 757 712 846 800; x_wconf 82' lang='lat' dir='ltr'><strong>qnod</strong></span> <span class='ocrx_word' id='word_1_15' title='bbox 861 716 1006 799; x_wconf 82' lang='lat' dir='ltr'><strong>graviter</strong></span> <span class='ocrx_word' id='word_1_16' title='bbox 1027 716 1191 779; x_wconf 88' lang='lat' dir='ltr'><strong>interdum</strong></span> 
     </span>
     <span class='ocr_line' id='line_1_4' title="bbox 123 826 1192 915; baseline 0.003 -22"><span class='ocrx_word' id='word_1_17' title='bbox 123 832 198 894; x_wconf 80' lang='lat' dir='ltr'><strong>fero</strong></span> <span class='ocrx_word' id='word_1_18' title='bbox 217 852 255 893; x_wconf 91' lang='lat' dir='ltr'><strong>ac</strong></span> <span class='ocrx_word' id='word_1_19' title='bbox 272 848 378 915; x_wconf 88' lang='lat' dir='ltr'><strong>paene</strong></span> <span class='ocrx_word' id='word_1_20' title='bbox 397 826 570 914; x_wconf 81' lang='lat' dir='ltr'><strong>indignor,</strong></span> <span class='ocrx_word' id='word_1_21' title='bbox 593 829 772 897; x_wconf 87' lang='lat' dir='ltr'><strong>nonnullos</strong></span> <span class='ocrx_word' id='word_1_22' title='bbox 791 834 877 896; x_wconf 87' lang='lat' dir='ltr'><strong>inter</strong></span> <span class='ocrx_word' id='word_1_23' title='bbox 899 852 935 896; x_wconf 81' lang='lat' dir='ltr'><strong>se</strong></span> <span class='ocrx_word' id='word_1_24' title='bbox 954 845 988 895; x_wconf 88' lang='lat' dir='ltr'><strong>et</strong></span> <span class='ocrx_word' id='word_1_25' title='bbox 1008 831 1105 895; x_wconf 89' lang='lat' dir='ltr'><strong>hodie</strong></span> <span class='ocrx_word' id='word_1_26' title='bbox 1125 832 1192 896; x_wconf 84' lang='lat' dir='ltr'><strong>dis·</strong></span> 
     </span>
     <span class='ocr_line' id='line_1_5' title="bbox 124 940 1193 1026; baseline 0.003 -16"><span class='ocrx_word' id='word_1_27' title='bbox 124 948 247 1011; x_wconf 88' lang='lat' dir='ltr'><strong>sentire</strong></span> <span class='ocrx_word' id='word_1_28' title='bbox 266 946 414 1026; x_wconf 84' lang='lat' dir='ltr'><strong>criticos,</strong></span> <span class='ocrx_word' id='word_1_29' title='bbox 433 964 493 1010; x_wconf 82' lang='lat' dir='ltr'><strong>seu</strong></span> <span class='ocrx_word' id='word_1_30' title='bbox 514 940 759 1014; x_wconf 80' lang='lat' dir='ltr'><strong>consuetudinis</strong></span> <span class='ocrx_word' id='word_1_31' title='bbox 778 962 884 1015; x_wconf 87' lang='lat' dir='ltr'><strong>tractu</strong></span> <span class='ocrx_word' id='word_1_32' title='bbox 901 965 934 1015; x_wconf 90' lang='lat' dir='ltr'><strong>et</strong></span> <span class='ocrx_word' id='word_1_33' title='bbox 954 952 1074 1015; x_wconf 88' lang='lat' dir='ltr'><strong>inertia</strong></span> <span class='ocrx_word' id='word_1_34' title='bbox 1096 950 1193 1014; x_wconf 87' lang='lat' dir='ltr'><strong>sedu-</strong></span> 
     </span>
    </p>
   </div>
   <div class='ocr_carea' id='block_1_3' title="bbox 123 1063 1192 1154">
    <p class='ocr_par' dir='ltr' id='par_1_3' title="bbox 123 1063 1192 1154">
     <span class='ocr_line' id='line_1_6' title="bbox 123 1063 1192 1154; baseline 0.003 -26"><span class='ocrx_word' id='word_1_35' title='bbox 123 1077 195 1129; x_wconf 87' lang='lat' dir='ltr'><strong>ctos</strong></span> <span class='ocrx_word' id='word_1_36' title='bbox 215 1067 286 1129; x_wconf 86' lang='lat' dir='ltr'><strong>sive</strong></span> <span class='ocrx_word' id='word_1_37' title='bbox 302 1063 457 1150; x_wconf 79' lang='lat' dir='ltr'><strong>abreptos</strong></span> <span class='ocrx_word' id='word_1_38' title='bbox 471 1069 641 1151; x_wconf 68' lang='lat' dir='ltr'><strong>&#39;opinionis</strong></span> <span class='ocrx_word' id='word_1_39' title='bbox 662 1068 777 1151; x_wconf 88' lang='lat' dir='ltr'><strong>suique</strong></span> <span class='ocrx_word' id='word_1_40' title='bbox 800 1070 898 1132; x_wconf 87' lang='lat' dir='ltr'><strong>studii</strong></span> <span class='ocrx_word' id='word_1_41' title='bbox 917 1071 1066 1154; x_wconf 89' lang='lat' dir='ltr'><strong>potentia</strong></span> <span class='ocrx_word' id='word_1_42' title='bbox 1087 1082 1121 1131; x_wconf 88' lang='lat' dir='ltr'><strong>et</strong></span> <span class='ocrx_word' id='word_1_43' title='bbox 1140 1090 1192 1132; x_wconf 85' lang='lat' dir='ltr'><strong>ar-</strong></span> 
     </span>
    </p>
   </div>
   <div class='ocr_carea' id='block_1_4' title="bbox 41 1180 1192 4318">
    <p class='ocr_par' dir='ltr' id='par_1_4' title="bbox 41 1180 1192 4318">
     <span class='ocr_line' id='line_1_7' title="bbox 123 1180 1192 1270; baseline 0.006 -27"><span class='ocrx_word' id='word_1_44' title='bbox 123 1181 226 1260; x_wconf 87' lang='lat' dir='ltr'><strong>dore,</strong></span> <span class='ocrx_word' id='word_1_45' title='bbox 251 1180 307 1246; x_wconf 87' lang='lat' dir='ltr'><strong>vel</strong></span> <span class='ocrx_word' id='word_1_46' title='bbox 329 1181 376 1245; x_wconf 84' lang='lat' dir='ltr'><strong>de</strong></span> <span class='ocrx_word' id='word_1_47' title='bbox 406 1184 609 1268; x_wconf 84' lang='lat' dir='ltr'><strong>gravissimis</strong></span> <span class='ocrx_word' id='word_1_48' title='bbox 640 1204 679 1248; x_wconf 92' lang='lat' dir='ltr'><strong>ac</strong></span> <span class='ocrx_word' id='word_1_49' title='bbox 698 1184 867 1270; x_wconf 78' lang='lat' dir='ltr'><strong>&#39;primariis</strong></span> <span class='ocrx_word' id='word_1_50' title='bbox 881 1184 991 1251; x_wconf 87' lang='lat' dir='ltr'><strong>rebus.</strong></span> <span class='ocrx_word' id='word_1_51' title='bbox 1014 1180 1085 1250; x_wconf 79' lang='lat' dir='ltr'><strong>&#39;At</strong></span> <span class='ocrx_word' id='word_1_52' title='bbox 1109 1192 1192 1270; x_wconf 83' lang='lat' dir='ltr'><strong>q&#39;uas</strong></span> 
     </span>
     <span class='ocr_line' id='line_1_8' title="bbox 122 1300 1191 1389; baseline 0.004 -28"><span class='ocrx_word' id='word_1_53' title='bbox 122 1300 198 1382; x_wconf 85' lang='lat' dir='ltr'><strong>quis</strong></span> <span class='ocrx_word' id='word_1_54' title='bbox 226 1311 292 1363; x_wconf 88' lang='lat' dir='ltr'><strong>tam</strong></span> <span class='ocrx_word' id='word_1_55' title='bbox 322 1303 516 1365; x_wconf 83' lang='lat' dir='ltr'><strong>temerarius</strong></span> <span class='ocrx_word' id='word_1_56' title='bbox 538 1314 642 1366; x_wconf 89' lang='lat' dir='ltr'><strong>estut</strong></span> <span class='ocrx_word' id='word_1_57' title='bbox 659 1322 725 1366; x_wconf 88' lang='lat' dir='ltr'><strong>non</strong></span> <span class='ocrx_word' id='word_1_58' title='bbox 747 1303 857 1368; x_wconf 85' lang='lat' dir='ltr'><strong>videat</strong></span> <span class='ocrx_word' id='word_1_59' title='bbox 877 1305 1041 1389; x_wconf 85' lang='lat' dir='ltr'><strong>pertinere</strong></span> <span class='ocrx_word' id='word_1_60' title='bbox 1061 1304 1092 1367; x_wconf 87' lang='lat' dir='ltr'><strong>si</strong></span> <span class='ocrx_word' id='word_1_61' title='bbox 1113 1302 1191 1387; x_wconf 87' lang='lat' dir='ltr'><strong>quid</strong></span> 
     </span>
     <span class='ocr_line' id='line_1_9' title="bbox 122 1412 1192 1506; baseline 0.009 -31"><span class='ocrx_word' id='word_1_62' title='bbox 122 1412 212 1478; x_wconf 87' lang='lat' dir='ltr'><strong>alind</strong></span> <span class='ocrx_word' id='word_1_63' title='bbox 236 1424 376 1500; x_wconf 66' lang='lat' dir='ltr'><strong>gnaram</strong></span> <span class='ocrx_word' id='word_1_64' title='bbox 399 1426 654 1501; x_wconf 74' lang='lat' dir='ltr'><strong>aromatumque</strong></span> <span class='ocrx_word' id='word_1_65' title='bbox 674 1424 889 1502; x_wconf 72' lang='lat' dir='ltr'><strong>coguitionem</strong></span> <span class='ocrx_word' id='word_1_66' title='bbox 911 1429 946 1481; x_wconf 87' lang='lat' dir='ltr'><strong>et</strong></span> <span class='ocrx_word' id='word_1_67' title='bbox 963 1426 1192 1506; x_wconf 68' lang='lat' dir='ltr'><strong>investigatio·</strong></span> 
     </span>
     <span class='ocr_line' id='line_1_10' title="bbox 121 1530 1191 1620; baseline 0.007 -29"><span class='ocrx_word' id='word_1_68' title='bbox 121 1550 190 1592; x_wconf 80' lang='lat' dir='ltr'><strong>aem</strong></span> <span class='ocrx_word' id='word_1_69' title='bbox 204 1531 362 1611; x_wconf 77' lang='lat' dir='ltr'><strong>fonteiem,</strong></span> <span class='ocrx_word' id='word_1_70' title='bbox 386 1550 446 1615; x_wconf 90' lang='lat' dir='ltr'><strong>per</strong></span> <span class='ocrx_word' id='word_1_71' title='bbox 470 1554 551 1618; x_wconf 82' lang='lat' dir='ltr'><strong>quos</strong></span> <span class='ocrx_word' id='word_1_72' title='bbox 573 1536 694 1620; x_wconf 83' lang='lat' dir='ltr'><strong>scripta</strong></span> <span class='ocrx_word' id='word_1_73' title='bbox 716 1546 829 1599; x_wconf 82' lang='lat' dir='ltr'><strong>vetere</strong></span> <span class='ocrx_word' id='word_1_74' title='bbox 849 1530 994 1616; x_wconf 83' lang='lat' dir='ltr'><strong>benigno</strong></span> <span class='ocrx_word' id='word_1_75' title='bbox 1014 1548 1191 1619; x_wconf 86' lang='lat' dir='ltr'><strong>tempesta·</strong></span> 
     </span>
     <span class='ocr_line' id='line_1_11' title="bbox 122 1626 1190 1737; baseline 0.008 -30"><span class='ocrx_word' id='word_1_76' title='bbox 122 1645 165 1708; x_wconf 87' lang='lat' dir='ltr'><strong>tis</strong></span> <span class='ocrx_word' id='word_1_77' title='bbox 184 1647 323 1710; x_wconf 81' lang='lat' dir='ltr'><strong>decursu</strong></span> <span class='ocrx_word' id='word_1_78' title='bbox 343 1649 383 1711; x_wconf 83' lang='lat' dir='ltr'><strong>sd</strong></span> <span class='ocrx_word' id='word_1_79' title='bbox 400 1661 549 1714; x_wconf 87' lang='lat' dir='ltr'><strong>nostram</strong></span> <span class='ocrx_word' id='word_1_80' title='bbox 571 1664 712 1715; x_wconf 88' lang='lat' dir='ltr'><strong>aetatem</strong></span> <span class='ocrx_word' id='word_1_81' title='bbox 726 1664 830 1737; x_wconf 58' lang='lat' dir='ltr'><strong>name</strong></span> <span class='ocrx_word' id='word_1_82' title='bbox 844 1626 1084 1735; x_wconf 69' lang='lat' dir='ltr'><strong>pervenerunt!</strong></span> <span class='ocrx_word' id='word_1_83' title='bbox 1101 1651 1190 1716; x_wconf 86' lang='lat' dir='ltr'><strong>Pau-</strong></span> 
     </span>
     <span class='ocr_line' id='line_1_12' title="bbox 120 1763 1190 1855; baseline 0.01 -30"><span class='ocrx_word' id='word_1_84' title='bbox 120 1765 150 1825; x_wconf 90' lang='lat' dir='ltr'><strong>ci</strong></span> <span class='ocrx_word' id='word_1_85' title='bbox 164 1784 223 1826; x_wconf 87' lang='lat' dir='ltr'><strong>eos</strong></span> <span class='ocrx_word' id='word_1_86' title='bbox 241 1763 406 1830; x_wconf 74' lang='lat' dir='ltr'><strong>adeundos</strong></span> <span class='ocrx_word' id='word_1_87' title='bbox 429 1780 613 1849; x_wconf 86' lang='lat' dir='ltr'><strong>suaserunt,</strong></span> <span class='ocrx_word' id='word_1_88' title='bbox 631 1768 803 1855; x_wconf 80' lang='lat' dir='ltr'><strong>pauciores</strong></span> <span class='ocrx_word' id='word_1_89' title='bbox 824 1767 985 1849; x_wconf 87' lang='lat' dir='ltr'><strong>adierunt,</strong></span> <span class='ocrx_word' id='word_1_90' title='bbox 998 1770 1190 1854; x_wconf 78' lang='lat' dir='ltr'><strong>paucissimi</strong></span> 
     </span>
     <span class='ocr_line' id='line_1_13' title="bbox 119 1866 1190 1970; baseline 0.011 -29"><span class='ocrx_word' id='word_1_91' title='bbox 119 1866 201 1943; x_wconf 84' lang='lat' dir='ltr'><strong>adeo</strong></span> <span class='ocrx_word' id='word_1_92' title='bbox 222 1894 258 1945; x_wconf 93' lang='lat' dir='ltr'><strong>ut</strong></span> <span class='ocrx_word' id='word_1_93' title='bbox 272 1880 327 1945; x_wconf 88' lang='lat' dir='ltr'><strong>vel</strong></span> <span class='ocrx_word' id='word_1_94' title='bbox 348 1880 557 1968; x_wconf 82' lang='lat' dir='ltr'><strong>aequioribus</strong></span> <span class='ocrx_word' id='word_1_95' title='bbox 577 1887 767 1949; x_wconf 76' lang='lat' dir='ltr'><strong>satisfacere</strong></span> <span class='ocrx_word' id='word_1_96' title='bbox 790 1898 926 1970; x_wconf 80' lang='lat' dir='ltr'><strong>possent</strong></span> <span class='ocrx_word' id='word_1_97' title='bbox 941 1882 1086 1966; x_wconf 83' lang='lat' dir='ltr'><strong>arbitris,</strong></span> <span class='ocrx_word' id='word_1_98' title='bbox 1108 1910 1190 1953; x_wconf 88' lang='lat' dir='ltr'><strong>exa-</strong></span> 
     </span>
     <span class='ocr_line' id='line_1_14' title="bbox 118 1998 1189 2107; baseline 0.01 -48"><span class='ocrx_word' id='word_1_99' title='bbox 118 2001 297 2064; x_wconf 77' lang='lat' dir='ltr'><strong>minavere.</strong></span> <span class='ocrx_word' id='word_1_100' title='bbox 324 1998 524 2107; x_wconf 78' lang='lat' dir='ltr'><strong>Principem</strong></span> <span class='ocrx_word' id='word_1_101' title='bbox 544 2014 653 2066; x_wconf 82' lang='lat' dir='ltr'><strong>autem</strong></span> <span class='ocrx_word' id='word_1_102' title='bbox 672 2005 758 2066; x_wconf 88' lang='lat' dir='ltr'><strong>inter</strong></span> <span class='ocrx_word' id='word_1_103' title='bbox 780 2002 841 2067; x_wconf 89' lang='lat' dir='ltr'><strong>hos</strong></span> <span class='ocrx_word' id='word_1_104' title='bbox 860 2002 969 2068; x_wconf 89' lang='lat' dir='ltr'><strong>locum</strong></span> <span class='ocrx_word' id='word_1_105' title='bbox 993 2018 1107 2070; x_wconf 87' lang='lat' dir='ltr'><strong>tenent</strong></span> <span class='ocrx_word' id='word_1_106' title='bbox 1123 2004 1189 2070; x_wconf 88' lang='lat' dir='ltr'><strong>Co-</strong></span> 
     </span>
     <span class='ocr_line' id='line_1_15' title="bbox 119 2116 1188 2228; baseline 0.009 -50"><span class='ocrx_word' id='word_1_107' title='bbox 119 2116 208 2180; x_wconf 89' lang='lat' dir='ltr'><strong>dices</strong></span> <span class='ocrx_word' id='word_1_108' title='bbox 236 2116 340 2223; x_wconf 77' lang='lat' dir='ltr'><strong>Masi,</strong></span> <span class='ocrx_word' id='word_1_109' title='bbox 371 2121 560 2228; x_wconf 87' lang='lat' dir='ltr'><strong>proximum</strong></span> <span class='ocrx_word' id='word_1_110' title='bbox 580 2118 743 2183; x_wconf 81' lang='lat' dir='ltr'><strong>editiones</strong></span> <span class='ocrx_word' id='word_1_111' title='bbox 762 2120 897 2217; x_wconf 78' lang='lat' dir='ltr'><strong>&#39;saeculo</strong></span> <span class='ocrx_word' id='word_1_112' title='bbox 918 2120 997 2185; x_wconf 88' lang='lat' dir='ltr'><strong>XV</strong></span> <span class='ocrx_word' id='word_1_113' title='bbox 1020 2124 1105 2208; x_wconf 84' lang='lat' dir='ltr'><strong>typis</strong></span> <span class='ocrx_word' id='word_1_114' title='bbox 1127 2145 1188 2188; x_wconf 86' lang='lat' dir='ltr'><strong>ex-</strong></span> 
     </span>
     <span class='ocr_line' id='line_1_16' title="bbox 120 2222 1188 2323; baseline 0.008 -26"><span class='ocrx_word' id='word_1_115' title='bbox 120 2236 276 2319; x_wconf 85' lang='lat' dir='ltr'><strong>scriptae,</strong></span> <span class='ocrx_word' id='word_1_116' title='bbox 304 2247 434 2320; x_wconf 85' lang='lat' dir='ltr'><strong>veteres</strong></span> <span class='ocrx_word' id='word_1_117' title='bbox 458 2222 689 2319; x_wconf 85' lang='lat' dir='ltr'><strong>grammaticos</strong></span> <span class='ocrx_word' id='word_1_118' title='bbox 717 2234 770 2298; x_wconf 89' lang='lat' dir='ltr'><strong>hic</strong></span> <span class='ocrx_word' id='word_1_119' title='bbox 795 2251 970 2323; x_wconf 84' lang='lat' dir='ltr'><strong>propterea</strong></span> <span class='ocrx_word' id='word_1_120' title='bbox 998 2260 1064 2303; x_wconf 93' lang='lat' dir='ltr'><strong>non</strong></span> <span class='ocrx_word' id='word_1_121' title='bbox 1096 2264 1188 2322; x_wconf 89' lang='lat' dir='ltr'><strong>curo,</strong></span> 
     </span>
     <span class='ocr_line' id='line_1_17' title="bbox 118 2352 1188 2463; baseline 0.008 -49"><span class='ocrx_word' id='word_1_122' title='bbox 118 2352 204 2438; x_wconf 89' lang='lat' dir='ltr'><strong>quod</strong></span> <span class='ocrx_word' id='word_1_123' title='bbox 226 2372 329 2463; x_wconf 82' lang='lat' dir='ltr'><strong>aeque</strong></span> <span class='ocrx_word' id='word_1_124' title='bbox 356 2353 426 2418; x_wconf 87' lang='lat' dir='ltr'><strong>sive</strong></span> <span class='ocrx_word' id='word_1_125' title='bbox 449 2352 580 2436; x_wconf 81' lang='lat' dir='ltr'><strong>scriptis¹</strong></span> <span class='ocrx_word' id='word_1_126' title='bbox 600 2353 669 2414; x_wconf 72' lang='lat' dir='ltr'><strong>side</strong></span> <span class='ocrx_word' id='word_1_127' title='bbox 691 2353 868 2436; x_wconf 73' lang='lat' dir='ltr'><strong>impressis</strong></span> <span class='ocrx_word' id='word_1_128' title='bbox 885 2352 1062 2421; x_wconf 72' lang='lat' dir='ltr'><strong>codicibus</strong></span> <span class='ocrx_word' id='word_1_129' title='bbox 1084 2361 1188 2422; x_wconf 80' lang='lat' dir='ltr'><strong>conti-</strong></span> 
     </span>
     <span class='ocr_line' id='line_1_18' title="bbox 118 2446 1188 2556; baseline 0.01 -26"><span class='ocrx_word' id='word_1_130' title='bbox 118 2482 246 2533; x_wconf 83' lang='lat' dir='ltr'><strong>nentur.</strong></span> <span class='ocrx_word' id='word_1_131' title='bbox 299 2469 445 2535; x_wconf 85' lang='lat' dir='ltr'><strong>Plurima</strong></span> <span class='ocrx_word' id='word_1_132' title='bbox 479 2469 518 2531; x_wconf 88' lang='lat' dir='ltr'><strong>dc</strong></span> <span class='ocrx_word' id='word_1_133' title='bbox 543 2480 681 2554; x_wconf 84' lang='lat' dir='ltr'><strong>utroque</strong></span> <span class='ocrx_word' id='word_1_134' title='bbox 704 2488 826 2555; x_wconf 87' lang='lat' dir='ltr'><strong>genere</strong></span> <span class='ocrx_word' id='word_1_135' title='bbox 854 2446 1007 2556; x_wconf 83' lang='lat' dir='ltr'><strong>publici</strong></span> <span class='ocrx_word' id='word_1_136' title='bbox 998 2476 1080 2539; x_wconf 78' lang='lat' dir='ltr'><strong>suris</strong></span> <span class='ocrx_word' id='word_1_137' title='bbox 1100 2450 1188 2541; x_wconf 84' lang='lat' dir='ltr'><strong>facta</strong></span> 
     </span>
     <span class='ocr_line' id='line_1_19' title="bbox 118 2566 1187 2693; baseline 0.009 -45"><span class='ocrx_word' id='word_1_138' title='bbox 118 2600 194 2649; x_wconf 80' lang='lat' dir='ltr'><strong>sunt</strong></span> <span class='ocrx_word' id='word_1_139' title='bbox 225 2608 245 2649; x_wconf 87' lang='lat' dir='ltr'><strong>a</strong></span> <span class='ocrx_word' id='word_1_140' title='bbox 272 2566 546 2651; x_wconf 76' lang='lat' dir='ltr'><strong>bibliothecarum</strong></span> <span class='ocrx_word' id='word_1_141' title='bbox 567 2587 763 2693; x_wconf 75' lang='lat' dir='ltr'><strong>praelectis,</strong></span> <span class='ocrx_word' id='word_1_142' title='bbox 775 2608 940 2674; x_wconf 87' lang='lat' dir='ltr'><strong>perpauca</strong></span> <span class='ocrx_word' id='word_1_143' title='bbox 962 2592 1002 2654; x_wconf 91' lang='lat' dir='ltr'><strong>de</strong></span> <span class='ocrx_word' id='word_1_144' title='bbox 1028 2592 1187 2658; x_wconf 82' lang='lat' dir='ltr'><strong>Codicum</strong></span> 
     </span>
     <span class='ocr_line' id='line_1_20' title="bbox 118 2688 1186 2787; baseline 0.004 -21"><span class='ocrx_word' id='word_1_145' title='bbox 118 2702 285 2782; x_wconf 77' lang='lat' dir='ltr'><strong>Mssorum,</strong></span> <span class='ocrx_word' id='word_1_146' title='bbox 304 2700 415 2784; x_wconf 68' lang='lat' dir='ltr'><strong>qnihil,</strong></span> <span class='ocrx_word' id='word_1_147' title='bbox 451 2714 606 2785; x_wconf 84' lang='lat' dir='ltr'><strong>quantum</strong></span> <span class='ocrx_word' id='word_1_148' title='bbox 638 2688 789 2787; x_wconf 88' lang='lat' dir='ltr'><strong>equidem</strong></span> <span class='ocrx_word' id='word_1_149' title='bbox 819 2706 908 2782; x_wconf 85' lang='lat' dir='ltr'><strong>scio,</strong></span> <span class='ocrx_word' id='word_1_150' title='bbox 938 2706 977 2765; x_wconf 91' lang='lat' dir='ltr'><strong>de</strong></span> <span class='ocrx_word' id='word_1_151' title='bbox 1006 2705 1186 2772; x_wconf 86' lang='lat' dir='ltr'><strong>editionum</strong></span> 
     </span>
     <span class='ocr_line' id='line_1_21' title="bbox 118 2816 1185 2904; baseline 0.002 -21"><span class='ocrx_word' id='word_1_152' title='bbox 118 2819 243 2884; x_wconf 82' lang='lat' dir='ltr'><strong>saeculi</strong></span> <span class='ocrx_word' id='word_1_153' title='bbox 268 2816 347 2882; x_wconf 89' lang='lat' dir='ltr'><strong>XV.</strong></span> <span class='ocrx_word' id='word_1_154' title='bbox 375 2821 482 2903; x_wconf 83' lang='lat' dir='ltr'><strong>pretio</strong></span> <span class='ocrx_word' id='word_1_155' title='bbox 510 2830 545 2879; x_wconf 91' lang='lat' dir='ltr'><strong>et</strong></span> <span class='ocrx_word' id='word_1_156' title='bbox 561 2834 638 2880; x_wconf 84' lang='lat' dir='ltr'><strong>usu.</strong></span> <span class='ocrx_word' id='word_1_157' title='bbox 678 2817 767 2881; x_wconf 87' lang='lat' dir='ltr'><strong>Hinc</strong></span> <span class='ocrx_word' id='word_1_158' title='bbox 789 2818 939 2904; x_wconf 82' lang='lat' dir='ltr'><strong>quantuli</strong></span> <span class='ocrx_word' id='word_1_159' title='bbox 960 2821 1185 2885; x_wconf 82' lang='lat' dir='ltr'><strong>aestimaveri-</strong></span> 
     </span>
     <span class='ocr_line' id='line_1_22' title="bbox 117 2932 1185 3021; baseline 0.004 -21"><span class='ocrx_word' id='word_1_160' title='bbox 117 2958 190 3001; x_wconf 82' lang='lat' dir='ltr'><strong>mus</strong></span> <span class='ocrx_word' id='word_1_161' title='bbox 210 2946 280 3000; x_wconf 87' lang='lat' dir='ltr'><strong>&#39;nos</strong></span> <span class='ocrx_word' id='word_1_162' title='bbox 299 2936 502 3020; x_wconf 84' lang='lat' dir='ltr'><strong>antiquitatis</strong></span> <span class='ocrx_word' id='word_1_163' title='bbox 529 2932 673 2997; x_wconf 78' lang='lat' dir='ltr'><strong>cultores</strong></span> <span class='ocrx_word' id='word_1_164' title='bbox 693 2937 749 3019; x_wconf 86' lang='lat' dir='ltr'><strong>qai</strong></span> <span class='ocrx_word' id='word_1_165' title='bbox 770 2934 933 3021; x_wconf 86' lang='lat' dir='ltr'><strong>philologi</strong></span> <span class='ocrx_word' id='word_1_166' title='bbox 963 2947 1116 3003; x_wconf 80' lang='lat' dir='ltr'><strong>vocamur</strong></span> <span class='ocrx_word' id='word_1_167' title='bbox 1143 2939 1185 3003; x_wconf 86' lang='lat' dir='ltr'><strong>il-</strong></span> 
     </span>
     <span class='ocr_line' id='line_1_23' title="bbox 118 3050 1184 3140; baseline 0.008 -23"><span class='ocrx_word' id='word_1_168' title='bbox 118 3052 170 3117; x_wconf 82' lang='lat' dir='ltr'><strong>los</strong></span> <span class='ocrx_word' id='word_1_169' title='bbox 197 3053 325 3136; x_wconf 87' lang='lat' dir='ltr'><strong>fontes,</strong></span> <span class='ocrx_word' id='word_1_170' title='bbox 356 3068 516 3140; x_wconf 87' lang='lat' dir='ltr'><strong>quamque</strong></span> <span class='ocrx_word' id='word_1_171' title='bbox 536 3070 611 3115; x_wconf 88' lang='lat' dir='ltr'><strong>raro</strong></span> <span class='ocrx_word' id='word_1_172' title='bbox 632 3052 676 3115; x_wconf 87' lang='lat' dir='ltr'><strong>iis</strong></span> <span class='ocrx_word' id='word_1_173' title='bbox 695 3053 748 3116; x_wconf 89' lang='lat' dir='ltr'><strong>usi</strong></span> <span class='ocrx_word' id='word_1_174' title='bbox 769 3052 888 3132; x_wconf 83' lang='lat' dir='ltr'><strong>simus,</strong></span> <span class='ocrx_word' id='word_1_175' title='bbox 910 3050 1109 3123; x_wconf 86' lang='lat' dir='ltr'><strong>luculentius</strong></span> <span class='ocrx_word' id='word_1_176' title='bbox 1129 3080 1184 3124; x_wconf 91' lang='lat' dir='ltr'><strong>co·</strong></span> 
     </span>
     <span class='ocr_line' id='line_1_24' title="bbox 117 3172 1184 3259; baseline 0.005 -24"><span class='ocrx_word' id='word_1_177' title='bbox 117 3193 268 3257; x_wconf 83' lang='lat' dir='ltr'><strong>gnoseos.</strong></span> <span class='ocrx_word' id='word_1_178' title='bbox 311 3172 415 3236; x_wconf 85' lang='lat' dir='ltr'><strong>Cuius</strong></span> <span class='ocrx_word' id='word_1_179' title='bbox 433 3175 485 3236; x_wconf 87' lang='lat' dir='ltr'><strong>rei</strong></span> <span class='ocrx_word' id='word_1_180' title='bbox 502 3182 630 3251; x_wconf 77' lang='lat' dir='ltr'><strong>minen,</strong></span> <span class='ocrx_word' id='word_1_181' title='bbox 652 3192 867 3258; x_wconf 87' lang='lat' dir='ltr'><strong>quamquam,</strong></span> <span class='ocrx_word' id='word_1_182' title='bbox 883 3186 920 3236; x_wconf 90' lang='lat' dir='ltr'><strong>ut</strong></span> <span class='ocrx_word' id='word_1_183' title='bbox 941 3173 981 3236; x_wconf 88' lang='lat' dir='ltr'><strong>de</strong></span> <span class='ocrx_word' id='word_1_184' title='bbox 1000 3179 1107 3259; x_wconf 85' lang='lat' dir='ltr'><strong>petria</strong></span> <span class='ocrx_word' id='word_1_185' title='bbox 1124 3196 1184 3240; x_wconf 90' lang='lat' dir='ltr'><strong>no-</strong></span> 
     </span>
     <span class='ocr_line' id='line_1_25' title="bbox 117 3286 1181 3375; baseline 0.006 -23"><span class='ocrx_word' id='word_1_186' title='bbox 117 3304 184 3353; x_wconf 83' lang='lat' dir='ltr'><strong>stra</strong></span> <span class='ocrx_word' id='word_1_187' title='bbox 208 3289 315 3352; x_wconf 90' lang='lat' dir='ltr'><strong>dicere</strong></span> <span class='ocrx_word' id='word_1_188' title='bbox 342 3288 458 3367; x_wconf 84' lang='lat' dir='ltr'><strong>liceat,</strong></span> <span class='ocrx_word' id='word_1_189' title='bbox 488 3288 601 3375; x_wconf 76' lang='lat' dir='ltr'><strong>negdri</strong></span> <span class='ocrx_word' id='word_1_190' title='bbox 630 3286 762 3375; x_wconf 83' lang='lat' dir='ltr'><strong>nequit,</strong></span> <span class='ocrx_word' id='word_1_191' title='bbox 791 3293 868 3375; x_wconf 81' lang='lat' dir='ltr'><strong>quin</strong></span> <span class='ocrx_word' id='word_1_192' title='bbox 891 3289 1181 3375; x_wconf 87' lang='lat' dir='ltr'><strong>pulcherrimorum</strong></span> 
     </span>
     <span class='ocr_line' id='line_1_26' title="bbox 113 3405 1183 3490; baseline 0.003 -18"><span class='ocrx_word' id='word_1_193' title='bbox 113 3408 328 3472; x_wconf 80' lang='lat' dir='ltr'><strong>vetustiorum</strong></span> <span class='ocrx_word' id='word_1_194' title='bbox 344 3406 521 3487; x_wconf 87' lang='lat' dir='ltr'><strong>librorum,&#39;</strong></span> <span class='ocrx_word' id='word_1_195' title='bbox 536 3426 617 3490; x_wconf 83' lang='lat' dir='ltr'><strong>quos</strong></span> <span class='ocrx_word' id='word_1_196' title='bbox 640 3409 817 3489; x_wconf 86' lang='lat' dir='ltr'><strong>antiquitus</strong></span> <span class='ocrx_word' id='word_1_197' title='bbox 832 3405 941 3469; x_wconf 86' lang='lat' dir='ltr'><strong>ubivis</strong></span> <span class='ocrx_word' id='word_1_198' title='bbox 955 3418 1113 3472; x_wconf 75' lang='lat' dir='ltr'><strong>terrenum</strong></span> <span class='ocrx_word' id='word_1_199' title='bbox 1128 3430 1183 3475; x_wconf 84' lang='lat' dir='ltr'><strong>ao·</strong></span> 
     </span>
     <span class='ocr_line' id='line_1_27' title="bbox 114 3520 1185 3612; baseline 0.006 -25"><span class='ocrx_word' id='word_1_200' title='bbox 114 3525 291 3590; x_wconf 80' lang='lat' dir='ltr'><strong>lectissime</strong></span> <span class='ocrx_word' id='word_1_201' title='bbox 313 3522 516 3588; x_wconf 82' lang='lat' dir='ltr'><strong>excuderunt</strong></span> <span class='ocrx_word' id='word_1_202' title='bbox 533 3535 717 3600; x_wconf 76' lang='lat' dir='ltr'><strong>nostrates,</strong></span> <span class='ocrx_word' id='word_1_203' title='bbox 741 3523 864 3604; x_wconf 82' lang='lat' dir='ltr'><strong>exigua</strong></span> <span class='ocrx_word' id='word_1_204' title='bbox 884 3520 1058 3589; x_wconf 88' lang='lat' dir='ltr'><strong>admodum</strong></span> <span class='ocrx_word' id='word_1_205' title='bbox 1076 3538 1185 3612; x_wconf 69' lang='lat' dir='ltr'><strong>penes</strong></span> 
     </span>
     <span class='ocr_line' id='line_1_28' title="bbox 41 3639 1178 3730; baseline 0.006 -25"><span class='ocrx_word' id='word_1_206' title='bbox 41 3696 45 3705; x_wconf 92' lang='lat'><strong>.</strong></span> <span class='ocrx_word' id='word_1_207' title='bbox 116 3663 176 3707; x_wconf 83' lang='lat' dir='ltr'><strong>nos</strong></span> <span class='ocrx_word' id='word_1_208' title='bbox 196 3658 229 3707; x_wconf 89' lang='lat' dir='ltr'><strong>et</strong></span> <span class='ocrx_word' id='word_1_209' title='bbox 251 3664 350 3730; x_wconf 89' lang='lat' dir='ltr'><strong>parca</strong></span> <span class='ocrx_word' id='word_1_210' title='bbox 365 3643 414 3704; x_wconf 87' lang='lat' dir='ltr'><strong>sit</strong></span> <span class='ocrx_word' id='word_1_211' title='bbox 435 3642 552 3725; x_wconf 89' lang='lat' dir='ltr'><strong>copia,</strong></span> <span class='ocrx_word' id='word_1_212' title='bbox 573 3643 666 3705; x_wconf 83' lang='lat' dir='ltr'><strong>ouius</strong></span> <span class='ocrx_word' id='word_1_213' title='bbox 688 3643 739 3705; x_wconf 87' lang='lat' dir='ltr'><strong>rei</strong></span> <span class='ocrx_word' id='word_1_214' title='bbox 761 3639 833 3704; x_wconf 91' lang='lat' dir='ltr'><strong>dico</strong></span> <span class='ocrx_word' id='word_1_215' title='bbox 856 3659 921 3703; x_wconf 89' lang='lat' dir='ltr'><strong>non</strong></span> <span class='ocrx_word' id='word_1_216' title='bbox 938 3641 1054 3727; x_wconf 85' lang='lat' dir='ltr'><strong>inopia</strong></span> <span class='ocrx_word' id='word_1_217' title='bbox 1072 3644 1178 3711; x_wconf 85' lang='lat' dir='ltr'><strong>solum</strong></span> 
     </span>
     <span class='ocr_line' id='line_1_29' title="bbox 115 3755 1179 3846; baseline 0.006 -25"><span class='ocrx_word' id='word_1_218' title='bbox 115 3772 171 3822; x_wconf 87' lang='lat' dir='ltr'><strong>aut</strong></span> <span class='ocrx_word' id='word_1_219' title='bbox 189 3766 306 3827; x_wconf 79' lang='lat' dir='ltr'><strong>raritas</strong></span> <span class='ocrx_word' id='word_1_220' title='bbox 327 3759 485 3825; x_wconf 89' lang='lat' dir='ltr'><strong>librorum</strong></span> <span class='ocrx_word' id='word_1_221' title='bbox 507 3755 648 3824; x_wconf 82' lang='lat' dir='ltr'><strong>sustinet</strong></span> <span class='ocrx_word' id='word_1_222' title='bbox 665 3758 807 3845; x_wconf 85' lang='lat' dir='ltr'><strong>culpam,</strong></span> <span class='ocrx_word' id='word_1_223' title='bbox 836 3760 894 3823; x_wconf 84' lang='lat' dir='ltr'><strong>sed</strong></span> <span class='ocrx_word' id='word_1_224' title='bbox 916 3761 1058 3846; x_wconf 87' lang='lat' dir='ltr'><strong>iniquior</strong></span> <span class='ocrx_word' id='word_1_225' title='bbox 1080 3764 1179 3827; x_wconf 86' lang='lat' dir='ltr'><strong>etiam</strong></span> 
     </span>
     <span class='ocr_line' id='line_1_30' title="bbox 115 3872 1179 3965; baseline 0.004 -26"><span class='ocrx_word' id='word_1_226' title='bbox 115 3876 282 3943; x_wconf 84' lang='lat' dir='ltr'><strong>doctorum</strong></span> <span class='ocrx_word' id='word_1_227' title='bbox 303 3881 446 3944; x_wconf 83' lang='lat' dir='ltr'><strong>virorum</strong></span> <span class='ocrx_word' id='word_1_228' title='bbox 466 3872 644 3960; x_wconf 79' lang='lat' dir='ltr'><strong>sententia,</strong></span> <span class='ocrx_word' id='word_1_229' title='bbox 665 3878 842 3943; x_wconf 84' lang='lat' dir='ltr'><strong>secundum</strong></span> <span class='ocrx_word' id='word_1_230' title='bbox 867 3898 962 3965; x_wconf 88' lang='lat' dir='ltr'><strong>quam</strong></span> <span class='ocrx_word' id='word_1_231' title='bbox 984 3880 1036 3956; x_wconf 84' lang='lat' dir='ltr'><strong>iis,</strong></span> <span class='ocrx_word' id='word_1_232' title='bbox 1060 3879 1179 3963; x_wconf 84' lang='lat' dir='ltr'><strong>quibus</strong></span> 
     </span>
     <span class='ocr_line' id='line_1_31' title="bbox 115 3995 1179 4080; baseline 0.005 -25"><span class='ocrx_word' id='word_1_233' title='bbox 115 4014 214 4078; x_wconf 76' lang='lat' dir='ltr'><strong>aegre</strong></span> <span class='ocrx_word' id='word_1_234' title='bbox 234 3995 401 4060; x_wconf 81' lang='lat' dir='ltr'><strong>abstinere</strong></span> <span class='ocrx_word' id='word_1_235' title='bbox 423 4006 606 4080; x_wconf 83' lang='lat' dir='ltr'><strong>oporteret,</strong></span> <span class='ocrx_word' id='word_1_236' title='bbox 627 4014 727 4080; x_wconf 84' lang='lat' dir='ltr'><strong>posse</strong></span> <span class='ocrx_word' id='word_1_237' title='bbox 747 3998 847 4061; x_wconf 60' lang='lat' dir='ltr'><strong>mam</strong></span> <span class='ocrx_word' id='word_1_238' title='bbox 871 3997 1020 4061; x_wconf 83' lang='lat' dir='ltr'><strong>saluere</strong></span> <span class='ocrx_word' id='word_1_239' title='bbox 1042 4018 1103 4060; x_wconf 84' lang='lat' dir='ltr'><strong>noc</strong></span> <span class='ocrx_word' id='word_1_240' title='bbox 1125 4020 1179 4060; x_wconf 89' lang='lat' dir='ltr'><strong>ca·</strong></span> 
     </span>
     <span class='ocr_line' id='line_1_32' title="bbox 113 4108 1181 4199; baseline 0.003 -26"><span class='ocrx_word' id='word_1_241' title='bbox 113 4130 187 4173; x_wconf 87' lang='lat' dir='ltr'><strong>rere</strong></span> <span class='ocrx_word' id='word_1_242' title='bbox 208 4112 461 4196; x_wconf 78' lang='lat' dir='ltr'><strong>persuaderent,</strong></span> <span class='ocrx_word' id='word_1_243' title='bbox 487 4111 542 4176; x_wconf 86' lang='lat' dir='ltr'><strong>vel</strong></span> <span class='ocrx_word' id='word_1_244' title='bbox 568 4108 650 4199; x_wconf 78' lang='lat' dir='ltr'><strong>quale</strong></span> <span class='ocrx_word' id='word_1_245' title='bbox 680 4115 716 4177; x_wconf 89' lang='lat' dir='ltr'><strong>in</strong></span> <span class='ocrx_word' id='word_1_246' title='bbox 740 4113 809 4178; x_wconf 94' lang='lat' dir='ltr'><strong>ullo</strong></span> <span class='ocrx_word' id='word_1_247' title='bbox 833 4112 955 4177; x_wconf 86' lang='lat' dir='ltr'><strong>Codice</strong></span> <span class='ocrx_word' id='word_1_248' title='bbox 975 4115 1095 4198; x_wconf 83' lang='lat' dir='ltr'><strong>scripto</strong></span> <span class='ocrx_word' id='word_1_249' title='bbox 1123 4126 1181 4176; x_wconf 90' lang='lat' dir='ltr'><strong>aut</strong></span> 
     </span>
     <span class='ocr_line' id='line_1_33' title="bbox 113 4226 1178 4318; baseline 0.002 -27"><span class='ocrx_word' id='word_1_250' title='bbox 113 4231 274 4313; x_wconf 87' lang='lat' dir='ltr'><strong>impresso</strong></span> <span class='ocrx_word' id='word_1_251' title='bbox 300 4234 371 4295; x_wconf 87' lang='lat' dir='ltr'><strong>iure</strong></span> <span class='ocrx_word' id='word_1_252' title='bbox 401 4230 614 4318; x_wconf 88' lang='lat' dir='ltr'><strong>improbanda</strong></span> <span class='ocrx_word' id='word_1_253' title='bbox 638 4226 949 4318; x_wconf 83' lang='lat' dir='ltr'><strong>deprehendissent,</strong></span> <span class='ocrx_word' id='word_1_254' title='bbox 995 4232 1035 4294; x_wconf 92' lang='lat' dir='ltr'><strong>ad</strong></span> <span class='ocrx_word' id='word_1_255' title='bbox 1064 4250 1178 4294; x_wconf 81' lang='lat' dir='ltr'><strong>omnes</strong></span> 
     </span>
    </p>
   </div>
   <div class='ocr_carea' id='block_1_5' title="bbox 0 0 1286 4628">
    <p class='ocr_par' dir='ltr' id='par_1_5' title="bbox 0 0 1286 4628">
     <span class='ocr_line' id='line_1_34' title="bbox 0 0 1286 4628; baseline 0 2"><span class='ocrx_word' id='word_1_256' title='bbox 0 0 1286 4628; x_wconf 95' lang='lat' dir='ltr'><strong> </strong></span> 
     </span>
    </p>
   </div>
  </div>
 </body>
</html>
