2564 4628
621 416 644 459 V

108 604 276 668 liberrime
297 620 407 685 agere,
431 598 547 683 quique
569 595 681 680 iniqua
696 593 843 681 affligere
859 593 1098 678 vituperatione
1117 614 1174 677 ge-

108 723 212 783 stiunt
234 736 318 798 eos,'
333 719 388 802 qni
410 717 449 779 de
467 715 567 780 studii
588 716 790 799 antiquitatis
812 715 938 777 ratione
959 708 1059 796 paulo
1079 708 1175 774 aliter·

110 836 311 915 sentientes,
332 857 398 899 non
420 855 518 898 unam
541 833 632 897 ducis
653 830 823 922 cuiusdam
845 844 989 906 tautum,
1012 828 1071 893 sed
1093 826 1175 890 alius

111 974 237 1039 quoqne
260 955 328 1016 rias
350 955 550 1038 scripturum·
565 960 713 1015 veterum
733 947 891 1034 reliquias
911 946 1029 1013 edendi
1047 966 1176 1010 earum-

109 1092 170 1155 que
200 1069 361 1137 lectiones
390 1065 628 1140 constituendi,
655 1062 710 1126 vel
734 1063 926 1131 illustrandi
945 1066 1175 1150 salubriusque

110 1189 270 1252 tractandi
300 1188 437 1249 inierint
459 1196 515 1248 aut
532 1181 841 1246 commendaverint.
881 1184 927 1246 At
943 1157 1078 1249 crimine
1100 1204 1175 1247 mec

39 1351 45 1361 .
110 1276 214 1368 nolim
235 1324 276 1366 eo
298 1299 466 1386 progredi,
488 1309 526 1361 ut
539 1296 670 1361 modum
689 1297 855 1363 excedens
873 1300 1101 1379 iterarentur,
1122 1303 1178 1384 qui

111 1419 329 1494 contendant,
361 1394 499 1480 istorum
522 1416 713 1500 utquisque
738 1415 925 1484 doctissime
947 1413 1004 1478 vel
1024 1414 1176 1481 lucubra-

112 1534 256 1602 tionibus
287 1546 321 1597 et
350 1536 437 1600 curis
463 1534 624 1603 diuturnis
643 1532 697 1598 vel
720 1509 900 1597 acutissimi
923 1534 1051 1616 ingenii
1071 1523 1178 1618 speci·

110 1650 254 1718 minibus
278 1651 384 1716 lucem
411 1662 446 1714 et
465 1652 666 1735 praesidinm
689 1650 764 1714 huic
785 1651 840 1716 vel
861 1648 914 1715 illi
934 1649 1114 1735 particulae
1138 1674 1176 1715 ac

109 1768 265 1843 dictioni,
293 1766 350 1833 vel
377 1770 428 1832 rei
448 1771 563 1833 usuive
586 1782 735 1832 veterum
757 1768 922 1836 attulisset
944 1768 992 1853 (id
1013 1768 1098 1853 qnod
1120 1767 1178 1833 ubi

108 1894 186 1951 uere
216 1885 336 1950 factum
363 1899 434 1966 est,
469 1898 533 1948 tam
560 1884 649 1949 laeto
679 1898 713 1948 et
740 1885 876 1949 candido
896 1886 1006 1948 animo
1027 1884 1179 1970 equidem

112 2023 256 2085 agnosco
278 2024 375 2087 quam
398 2003 453 2086 qni
475 2001 654 2087 inaximo),
672 2003 719 2067 ita
739 2023 815 2064 euru
835 2003 1041 2085 potissimum
1064 2026 1179 2071 exem-

112 2118 163 2204 pli
183 2132 217 2181 et
237 2118 350 2185 iudicii
371 2118 632 2208 suianctoritate
653 2120 715 2183 toti
737 2120 800 2183 arti
821 2121 952 2187 criticae
967 2121 1180 2206 impedimen.

109 2249 178 2300 tum
200 2236 316 2302 nedum
334 2236 563 2301 detrimentum
582 2237 735 2320 ingratiis
750 2250 925 2321 propterea
940 2235 1073 2319 iecisse,
1095 2241 1180 2325 quod

113 2357 234 2421 exinde
264 2353 348 2418 alios
368 2353 455 2416 haud
477 2374 620 2438 paucos,
643 2354 699 2436 qui
720 2373 785 2416 non
808 2364 874 2414 tam
897 2367 1068 2420 emunctae
1091 2360 1180 2421 naris
1272 2429 1274 2432 y

110 2473 268 2550 fuissent,
291 2469 433 2532 taedium
455 2471 598 2551 cepisset
618 2470 731 2552 magui
750 2442 899 2553 prolecto
923 2480 956 2530 et
976 2469 1113 2535 subinde
1134 2475 1180 2537 si-

23 2603 25 2607 ’
113 2608 154 2655 ne
187 2585 296 2650 fructu
326 2583 457 2651 molesti
477 2581 601 2648 laboris
624 2586 734 2650 fontes
757 2583 902 2646 adeundi
918 2585 1058 2672 indeque
1081 2591 1180 2657 etiarn

112 2704 257 2795 aliquam
276 2702 392 2771 salutis
413 2691 540 2788 partem
562 2701 777 2787 scriptoribus
800 2703 901 2768 enixe
923 2702 1107 2775 hauriendi,
1150 2729 1153 2733 ·

195 2837 321 2924 Ecquid
344 2838 460 2902 deinde
485 2838 590 2901 dicam
612 2835 650 2898 de
680 2836 714 2898 vi
736 2837 923 2921 opinionisl
967 2836 1097 2913 Quanta
1119 2847 1182 2907 uti-

112 2977 174 3042 que
207 2976 266 3040 per
292 2955 491 3042 plusquam
521 2954 603 3042 haec
625 2956 688 3018 tria
712 2975 794 3038 quae
817 2953 930 3039 elapsa
953 2969 1029 3020 sunt
1049 2959 1182 3023 saecula

112 3074 306 3136 iudiciorum
329 3075 492 3137 dissensio
514 3084 548 3134 et
564 3070 782 3154 discrepantia
798 3069 838 3136 de
855 3068 967 3134 verbis
983 3074 1080 3136 unius
1095 3078 1182 3140 eins·

28 3232 34 3251 ·.
114 3192 251 3276 demque
274 3191 443 3285 conspicui.
463 3201 581 3272 poetae
601 3200 657 3249 aut
675 3202 795 3274 prosae
817 3185 1027 3272 eloquentiae
1050 3191 1179 3257 decoris

112 3278 312 3386 historiaeve
328 3304 523 3391 scriptoris,
556 3305 683 3368 iteratis
705 3306 791 3373 curis
814 3307 966 3389 castigati
987 3321 1020 3371 et
1042 3331 1183 3374 seneen.

114 3426 177 3489 ties
205 3425 248 3488 ad
272 3427 484 3510 optimorum·
497 3421 656 3489 librorum
688 3421 743 3507 (an
768 3423 988 3508 eorumdemi)
1011 3423 1109 3489 fidem
1130 3448 1183 3491 rc·

114 3546 249 3609 censiti!
302 3542 431 3618 Quanta
453 3556 552 3628 porro
575 3539 748 3607 diversitas
765 3544 949 3622 rationum,
974 3541 1091 3625 quibus
1115 3545 1183 3607 sin,-

115 3660 188 3747 guli
209 3635 264 3747 qui
287 3677 391 3727 artem
413 3663 561 3727 criticam
582 3669 801 3727 exercuerunt
819 3671 853 3721 et
866 3668 1034 3732 exercent,
1056 3669 1184 3725 textum

116 3799 213 3864 quem
234 3793 352 3843 vocant
373 3781 474 3842 tutius
496 3776 761 3843 constituendum
783 3787 978 3840 curaverunt
999 3787 1034 3837 et
1054 3780 1183 3842 curant!

116 3897 219 3983 Atqui
238 3895 390 3982 equidem
410 3908 533 3958 tantum
552 3892 662 3977 abest,
684 3907 720 3957 ut
740 3895 943 3965 iudiciorum,
957 3872 1129 3961 dissidium
1150 3897 1186 3957 in

38 4094 45 4123 Ι
97 4015 261 4100 singulis
292 4014 376 4085 locis
405 4014 600 4098 scriptorum
627 4025 706 4078 vett.
734 4010 820 4076 male
841 4011 1056 4079 adfectis'ant
1074 4029 1186 4093 persa„

119 4134 237 4203 nundis
258 4146 315 4198 aut
337 4132 541 4198 illustrandis
564 4130 817 4214 reprehendam,
841 4143 876 4193 ut
898 4130 997 4193 etiam
1016 4125 1186 4192 literarum
1233 4183 1235 4187 .

121 4252 349 4321 cotnrnercium
372 4248 550 4317 niaximum
570 4246 763 4317 increrueuti
781 4216 907 4314 m
932 4243 1112 4313 alacritatis
1132 4269 1189 4308 cc·
1218 4332 1220 4337 Ι
