2564 4628
573 314 655 357 xxiv

174 499 265 565 ldem
277 490 377 565 Mart.
398 499 437 560 de
454 495 591 561 Laralle
615 496 675 581 (al.
697 497 738 561 de
760 496 793 560 18
811 496 927 582 Valle)
948 496 1075 585 aliquot
1094 520 1133 563 nn
1188 492 1197 533 ¹

88 620 140 683 nis
159 634 234 706 post
253 617 420 701 impressit
440 612 573 678 Paciae.
599 613 673 678 vide
694 613 821 677 Panzer
844 615 888 693 II,
907 621 982 682 254.
1006 658 1043 667 -
1079 618 1146 683 Issi·
1187 611 1197 650 ⁸

35 716 38 723 Ι
87 758 175 814 eum,
196 738 261 798 nisi
282 752 480 816 magnopere
510 729 627 808 fallor,
653 728 781 816 pulchri
810 732 907 796 huius
938 732 1018 798 libri
1040 754 1147 797 exem·
1185 729 1197 788 l

87 852 159 935 plur
187 852 375 914 adservatur
402 851 437 910 in
474 845 549 910 tttl.
573 845 759 912 Bodleiano
786 847 943 914 Oxouiae
973 865 1009 915 et
1036 853 1147 916 descri-
1185 844 1197 884 ¹

86 980 176 1051 ptum
203 977 255 1027 est
280 967 316 1027 in
343 963 446 1029 libro:
475 963 795 1048 the-typographica]
813 978 983 1050 ganettecr
1011 970 1056 1054 by
1076 970 1147 1033 Rev.

87 1082 200 1163 Henry
224 1079 356 1144 Cotton.
380 1079 494 1144 Oxou.
516 1086 611 1146 1825.
633 1105 667 1167 p.
688 1089 761 1149 142.
782 1072 861 1149 siv.
888 1082 1049 1150 Salutiae.
1068 1088 1152 1152 Pan·
1192 1061 1197 1105 ⁴

88 1221 183 1263 uerus
213 1199 338 1263 nullam
365 1190 457 1263 novit
485 1198 610 1264 saeculi
633 1200 712 1266 XV.
738 1203 984 1287 impressionem
1015 1202 1154 1268 Salutiis

89 1321 263 1398 emissam,
285 1331 321 1382 et
340 1340 454 1382 omues
473 1320 543 1382 fere
567 1317 818 1405 bibliographos
838 1322 924 1404 fugit
950 1320 1031 1384 haec
1051 1324 1155 1384 raris-

89 1439 172 1499 sima
191 1436 302 1499 editio.
345 1433 539 1500 1118888.
561 1439 679 1501 16215.
701 1440 832 1501 unicum
852 1438 939 1502 hunc
958 1438 1078 1502 librum
1093 1437 1153 1502 Sa·

86 1551 247 1615 lutianum
267 1551 393 1615 saeculi
412 1551 491 1617 XV.
510 1566 617 1635 vocat,
636 1555 696 1617 sed
714 1554 789 1618 vide
809 1575 912 1638 nuper
933 1575 1016 1639 quae
1044 1555 1154 1618 Coust.

92 1669 260 1747 (iussero,
282 1668 327 1733 V.
350 1669 420 1748 CL,
442 1671 611 1756 professor
632 1685 666 1735 ot
683 1671 954 1737 bibliothecarius
967 1668 1154 1733 'laurinen-

91 1792 158 1869 sis,
184 1787 248 1852 Vir
278 1789 390 1851 nescio
420 1789 655 1853 eruditionisnc
683 1790 727 1855 ob
755 1794 885 1876 copiam
907 1791 1013 1873 magis
1041 1810 1083 1851 88
1114 1788 1152 1853 81

92 1908 267 1971 candorem
294 1909 395 1971 animi
427 1928 616 1998 morumque
639 1907 809 1974 lenitatem
835 1921 989 1995 acceptus
1021 1905 1103 1968 mihi
1124 1916 1154 1967 et

95 2022 307 2103 aestimatus,
335 2027 498 2111 qnaesivit
524 2039 559 2088 et
586 2026 765 2112 disputavit
802 2030 838 2091 in
865 2023 997 2091 libello:
1026 2012 1153 2087 Notizie

89 2143 223 2203 intorno
242 2140 309 2203 8118
326 2144 454 2224 origine
474 2142 514 2204 ed
536 2140 578 2204 al·
589 2160 767 2227 progresso
785 2142 862 2205 dell’
876 2155 946 2205 erte
962 2139 1153 2226 tipogrefica

91 2257 125 2318 in
148 2253 301 2318 Saluzzo.
323 2254 475 2320 Salunzo.
497 2263 590 2321 1831.
619 2256 1083 2340 tipogr.'Lobetti-Bodoni
1102 2260 1153 2322 21.

91 2397 193 2462 pagg.
216 2384 247 2442 8.
269 2374 356 2458 (vide
377 2397 412 2460 p.
433 2381 484 2438 14.
508 2373 593 2438 conf.
618 2371 749 2438 bibliot.
774 2375 846 2439 ital.
867 2375 988 2440 Octob.
1011 2382 1155 2441 18328.

93 2499 168 2557 202.
189 2493 269 2558 Vol.
288 2499 341 2565 68.
370 2518 404 2582 p.
427 2500 469 2560 32
488 2493 565 2579 sq.).
606 2490 646 2556 18
674 2492 818 2558 editione
848 2516 922 2559 mea
950 2495 1157 2560 distichorum

92 2612 262 2674 moralium
284 2612 441 2697 Dionysii
464 2612 610 2691 Casurus,
635 2615 727 2677 euius
750 2625 785 2675 et
807 2615 946 2695 scriptos
968 2625 1001 2673 et
1021 2615 1159 2694 impres·

94 2745 150 2787 sos
176 2726 288 2788 fontes
316 2727 425 2792 ubivis
453 2734 537 2805 adii,
571 2731 613 2791 ad
647 2727 752 2789 libros
784 2723 973 2786 Salutianos
1002 2739 1161 2792 revertar.

92 2840 241 2904 Pertinet
263 2855 371 2905 eutem
398 2842 479 2907 haec
506 2843 614 2906 Persii
651 2840 772 2916 editio,
802 2858 903 2923 quae,
931 2841 961 2901 si
994 2854 1068 2903 octo
1103 2857 1159 2907 aut

94 2960 206 3023 decem
229 2958 363 3023 mendas
383 2959 505 3044 typoth.
528 2957 682 3038 excipere
701 2954 859 3033 volneris,
880 2957 966 3020 inter
983 2965 1159 3025 eorrectio-

93 3100 147 3144 res
169 3081 369 3145 recensenda
391 3090 460 3154 est,
485 3077 525 3139 ad
546 3072 706 3138 familiam
727 3076 980 3160 impressionum
996 3074 1158 3140 Mediola-

96 3202 263 3277 nensium‚
291 3198 481 3286 quibuscum
511 3202 699 3259 communes
727 3192 827 3258 habet
853 3192 1012 3280 plurimas
1042 3194 1158 3258 lectio-

97 3339 173 3397 nes,
197 3320 357 3382 ratiouem
374 3316 659 3404 orthographicum
685 3329 719 3379 et
740 3316 989 3398 dispositionem
1015 3313 1160 3397 singula·

93 3460 166 3505 rum
190 3439 373 3519 satirarum,
394 3440 544 3522 proprias
566 3449 675 3499 tamen
694 3452 770 3498 8888
793 3451 920 3514 quoque
938 3442 1028 3493 tenet
1047 3429 1160 3492 lectio-

98 3576 174 3647 8883
197 3578 388 3644 quamquam
408 3558 590 3641 pauciores.

141 3685 191 3745 16.
212 3695 258 3748 Ψ.
280 3678 399 3755 editio,
435 3697 531 3760 quam
565 3670 700 3735 excudit
733 3668 921 3752 „magister
952 3662 1157 3728 Vlderic⁹

34 3866 47 3892 ⁰
99 3789 905 3874 sercezelerttediolajM.cccc.u.xxx.
948 3780 998 3844 lte
1028 3780 1067 3842 ad
1098 3777 1163 3842 cal·

9 3918 30 3961 ’“··
98 3940 169 3984 cem
189 3916 288 3981 habet
308 3909 496 3997 exemplum
519 3907 738 3972 Bodleianum
759 3905 845 3992 quod
867 3902 935 3966 vidi
959 3907 993 3957 et
1010 3896 1044 3958 in
1064 3918 1165 3978 „pro-

98 4038 206 4124 logo“
229 4031 372 4098 adhibui.
416 4026 530 4095 liberi.
551 4045 582 4085 n.
605 4025 723 4113 111234.
744 4023 837 4085 dicit:
864 4016 948 4095 „die
974 4012 1166 4098 attgebliclce

96 4155 254 4242 Ausgube
280 4149 328 4217 M
332 4149 460 4217 ediol.
486 4136 814 4233 ulciscendos,
847 4130 943 4203 1480.
964 4131 989 4195 1.
1015 4136 1052 4195 iu
1089 4129 1168 4193 Gre-

368 4262 763 4344 ,Μ
