2564 4628
414 406 468 475 eri
476 385 502 433 ³¹(
651 350 714 403 Μ
758 322 822 419 ⁴2²9

160 534 331 622 aliquoties
360 535 513 600 lectorem
541 537 575 599 in
605 555 763 621 suspenso
795 535 987 621 relinquere.
1037 533 1232 602 Daharum

161 653 339 750 editionum
361 651 470 717 indole
485 674 523 716 ac
542 652 762 718 familiaritate
783 675 842 717 000
857 653 926 718 vice
941 652 1115 738 aliquando
1133 678 1232 719 accu-

116 768 135 877 „⁹
162 773 264 835 ratius
285 769 473 847 videbimus,
494 767 553 834 ubi
574 791 685 835 omnes
706 773 791 835 inter
804 792 839 834 se
856 791 1093 854 componemus.
1125 770 1233 835 Elen-

93 875 106 903 ⁸
160 886 255 973 clpam
276 907 386 950 earum
407 879 543 951 adiuniri
571 889 656 954 hunc
683 891 718 954 in
738 888 856 967 finem,
890 902 926 953 ut
953 889 1074 965 libica,
1111 887 1232 973 quibus

91 991 107 1019 ⁸
160 1023 239 1067 usus
258 1002 396 1087 fuerim,
417 1026 611 1091 cognoscere
632 1028 754 1093 postes.

203 1204 923 1277 Notitiabreviordeeditionibus
950 1222 1046 1278 vett·
1079 1213 1118 1273 in
1150 1208 1232 1274 hoo

414 1329 620 1411 opusculo
650 1351 670 1392 a
696 1351 754 1393 me
776 1329 997 1395 adhibitis.

369 1444 460 1495 Facile
476 1445 660 1511 praevidebam
676 1447 732 1499 fore
749 1451 850 1512 multoe,
872 1447 915 1511 qni
932 1449 1000 1497 niele
1018 1448 1144 1498 collocata
1165 1444 1234 1496 0000

407 1527 492 1578 studia
515 1534 602 1581 nostra
629 1529 816 1584 existimarent,
858 1529 882 1580 A
908 1520 1024 1594 qnomnn
1039 1528 1144 1593 quidem
1171 1530 1234 1597 opi-

403 1610 481 1663 nione
498 1615 576 1678 longe
593 1613 726 1666 discedere
743 1615 792 1665 ΤΕ
808 1611 921 1676 memini,
939 1610 1062 1663 HEYNI.

534 1701 590 1750 lon.
608 1701 694 1766 Alope.
712 1700 958 1764 Manioi-napum
976 1696 1004 1748 in
1024 1694 1098 1762 episi.
1117 1693 1153 1746 de
1165 1701 1233 1749 vett.

535 1782 608 1835 libris
624 1783 773 1839 Pharsaliae
790 1785 830 1836 cd.
849 1783 921 1837 Web.
943 1799 970 1850 p·
988 1780 1063 1842 533„

205 1925 235 1984 1.
258 1916 298 1981 Ρ.
338 1917 438 1981 editio
454 1924 609 2005 princepe
625 1922 696 1983 sine
720 1919 793 1984 loco
816 1933 850 1983 et
866 1938 974 1997 anno,
997 1916 1120 1979 Romae
1141 1915 1232 1977 circa

162 2056 190 2096 a.
214 2040 309 2100 1470.
328 2033 369 2098 00
385 2035 541 2101 Vdalrico
566 2036 664 2102 Gallo
682 2037 819 2120 (Ulniclc
834 2033 948 2117 Hanc)
970 2031 1229 2117 impressa-vide

161 2152 302 2217 Andiffr.
331 2154 423 2217 editt.
451 2139 545 2218 Rom.
574 2177 606 2240 p.
626 2158 702 2219 474.
728 2155 804 2221 coll.
827 2178 860 2239 p.
879 2159 953 2218 414.
992 2150 1127 2215 Dctdtn.
1146 2140 1230 2213 bibl.

162 2267 281 2357 Spenc.
308 2267 387 2334 Vol.
410 2269 488 2335 Vll.
516 2295 550 2357 Ρ.
569 2279 622 2338 63.
644 2272 721 2337 0011.
740 2272 820 2336 Vol.
839 2272 883 2336 II.
911 2295 944 2356 p.
969 2273 1165 2333 217-210.
1195 2279 1231 2329 et

162 2385 279 2453 licead.
298 2386 351 2451 the
373 2386 497 2473 library
520 2394 714 2476 companion
736 2392 842 2457 Lond.
866 2396 960 2455 1824.
979 2412 1013 2474 p.
1032 2393 1104 2452 631.
1133 2392 1228 2470 (que-

161 2506 320 2585 stionless
346 2505 461 2587 defme
486 2506 539 2573 the
566 2531 643 2592 year
666 2512 775 2595 1470).
819 2508 934 2575 libert.
955 2506 1035 2574 bibl.
1055 2510 1172 2574 Lexic.
1195 2530 1229 2571 n.

163 2624 279 2687 16230.
314 2624 457 2709 (exemp.
488 2626 570 2691 bibl.
598 2628 672 2693 Par.
691 2628 774 2714 Reg.
801 2642 835 2693 et
856 2628 959 2692 Lond.
981 2625 1063 2691 0101.
1083 2624 1229 2708 8Ρο00).

203 2746 235 2802 2.
256 2739 301 2803 Α.
325 2758 353 2801 0.
373 2737 396 2800 l.
417 2753 451 2802 et
469 2763 499 2805 a.
521 2744 742 2827 Argentorate·
753 2747 833 2815 (non
849 2739 953 2803 Basil.
974 2741 1061 2803 circa
1079 2760 1110 2800 a.
1131 2747 1230 2805 1472.

163 2878 183 2919 0
203 2854 349 2921 Martino
369 2855 471 2919 Flach
496 2858 576 2941 (non
604 2859 761 2946 Flachen)
792 2860 970 2942 exscripta.
997 2856 1062 2920 vid.
1093 2855 1230 2922 diction.

160 2970 317 3057 bibliogr.
347 2970 503 3040 Santand.
537 2998 568 3038 n.
592 2980 684 3039 1063.
713 2998 745 3060 Ρ.
769 2974 967 3038 242-243.
1009 2975 1107 3038 Errat
1128 2973 1229 3038 Laire

164 3092 230 3155 ind.
247 3090 305 3156 110.
335 3091 362 3171 l,
384 3097 575 3159 tot-tto.
603 3115 676 3156 cum
702 3105 801 3157 euctt.
827 3090 932 3156 Catal.
955 3092 994 3155 de
1016 3092 1050 3156 10
1069 3091 1160 3156 Vall.
1183 3091 1228 3156 Il.

163 3230 195 3271 n.
217 3215 313 3272 4880.
336 3211 376 3273 01.
407 3208 495 3273 Β101.
525 3209 643 3296 Spenc.
672 3211 751 3277 Vol.
770 3211 813 3277 H.
838 3235 870 3298 p.
893 3219 966 3280 223,
1008 3209 1228 3274 1100000101.

162 3325 249 3389 Lex.
270 3349 302 3388 0.
327 3331 441 3389 16231.
484 3326 692 3396 Involucrum
719 3331 866 3415 exempli
895 3329 1069 3392 Bodleiani
1095 3328 1161 3390 fert
1179 3331 1231 3392 in-

161 3445 388 3529 scriptionem:
420 3446 550 3526 „editio
576 3450 773 3531 princeps.“
823 3444 915 3508 Idem
936 3444 1151 3529 Icollegernnt
1176 3446 1228 3510 bi-

55 3578 59 3585 ’
160 3561 347 3648 bliographi
364 3565 493 3649 quidam
515 3586 560 3630 ex
580 3585 678 3628 versu
700 3563 741 3625 ad
761 3561 884 3625 calcem
910 3564 1036 3646 posito:
1056 3564 1227 3649 „Ignotos

155 3701 218 3764 per
249 3690 346 3747 totum
379 3682 510 3747 Perticae
535 3682 692 3760 orbem,“
723 3682 777 3764 qni
802 3681 935 3743 omnino
957 3700 1002 3744 ex
1024 3681 1125 3745 Codd.
1143 3680 1227 3745 Mas.

160 3797 260 3863 fluxit
276 3816 309 3866 et
329 3804 365 3866 in
385 3800 460 3865 aliis
482 3820 610 3888 quoque
629 3797 828 3862 editionibus
843 3801 1005 3881 cernitur,
1039 3813 1076 3865 ut
1101 3802 1137 3864 in
1166 3799 1227 3862 illa

158 3940 237 3999 „ex
265 3919 438 4007 archetypo
459 3919 564 4005 probo
596 3929 629 3980 et
661 3919 820 3980 sincero“
859 3938 983 3982 excusa
1011 3930 1045 3981 et
1076 3940 1095 3980 a
1124 3917 1229 3981 Paulo

162 4030 342 4101 Crosnensi
371 4060 490 4124 magna
521 4060 598 4104 cura
629 4049 662 4100 et
689 4034 863 4119 diligentia
899 4037 1104 4119 recognita.“
1135 4034 1229 4098 Crar.

163 4156 254 4219 1610.
284 4164 315 4221 4.
343 4159 416 4223 vide
445 4158 588 4225 Passow.
618 4180 649 4243 p.
673 4160 745 4223 143.
766 4154 807 4219 01.
828 4152 907 4218 Cod.
929 4153 1041 4219 Oxon.
1061 4150 1165 4217 llawl.
1187 4152 1226 4216 B.
