2564 4628
644 364 704 407 xlv

140 551 273 616 eo'sdem
288 547 393 617 libros
406 547 533 638 pluries
547 549 752 616 retractando
760 550 1036 636 pretiosissimum
1043 551 1215 636 subusque
1241 554 1243 558 '

139 669 403 736 constituendum
425 679 594 734 conterant
612 683 753 754 tempus,
785 687 824 730 ao
843 664 940 732 laete-
953 667 1219 752 sperandumuo·

139 787 193 852 bis
216 801 286 868 est,
306 790 429 852 sensim
449 786 506 850 ubi
526 789 642 851 maiori
660 786 825 872 religione
837 778 880 848 'et
899 784 1009 849 studio
1027 795 1126 869 atque
1138 787 1217 857 nni.

140 908 186 970 mi
208 907 400 983 sconstantia
423 902 612 991 laborisque
642 906 834 970 assiduitate
847 904 990 988 undique
1013 903 1155 975 collecta
1178 915 1214 968 et
1244 918 1246 923 ’

140 1021 288 1107 digesta,
336 1020 514 1085 diiudicata
552 1033 649 1108 atque
692 1020 863 1088 elaborata
894 1019 1041 1084 subsidia
1069 1022 1213 1102 fuerint,

140 1136 312 1202 meliorem
358 1138 527 1204 veteribus
562 1153 597 1206 et
633 1143 844 1205 maturiorem
879 1159 979 1227 posse
1015 1158 1053 1200 ac
1094 1139 1220 1200 certio·

140 1274 211 1347 rem
238 1257 348 1340 parari
375 1268 411 1320 et
430 1257 523 1321 reddi
544 1257 693 1323 salutem.
737 1256 878 1323 Codices
900 1259 988 1320 euim
1003 1255 1052 1316 its
1073 1251 1217 1319 adhib-iti

138 1368 273 1434 facilius
302 1384 336 1434 et
364 1375 565 1438 commodius
592 1388 732 1461 possunt
754 1398 827 1439 cum
857 1379 944 1438 inter
967 1393 1004 1438 se
1027 1371 1216 1453 comparari
1246 1414 1266 1445 ,

139 1495 176 1545 et
195 1487 230 1548 in
248 1488 380 1552 ordines
401 1490 471 1551 sive
490 1489 634 1554 familias
653 1490 780 1573 redigi,
800 1503 868 1552 tum
887 1487 1131 1572 significantius
1154 1487 1218 1551 de·

140 1598 241 1662 scribi
262 1615 297 1664 et
317 1606 440 1666 rectius
463 1607 642 1670 aestimari.

227 1715 295 1782 sed
318 1719 400 1784 boec
419 1721 589 1786 hacteuus.
632 1721 809 1808 Copiosius
830 1723 920 1784 euim
940 1741 1004 1809 quo
1018 1721 1127 1784 miuus
1148 1741 1216 1785 ex·

138 1852 271 1917 ponam,
286 1857 369 1924 quae
385 1837 425 1901 de
437 1841 583 1924 ipsorum
597 1838 756 1904 Codicum
770 1838 990 1929 descriptione
1003 1841 1216 1924 atqueacsti·

140 1956 284 2020 matione
310 1968 366 2021 aut
393 1957 433 2021 de
455 1976 568 2021 eorum
586 1954 724 2020 familiis
739 1952 1211 2022 ‘constituendlsanimedvcr-

141 2075 239 2137 tende
266 2087 396 2152 essent,
431 2078 495 2139 etsi
517 2095 582 2139 non
599 2073 699 2158 plane
723 2095 742 2136 a
763 2094 800 2137 re
821 2073 965 2138 alienum
986 2073 1213 2153 iudicaverim,

141 2199 176 2251 et
205 2191 338 2254 consilii
353 2195 419 2255 mei
436 2193 540 2272 ratio,
559 2204 594 2255 et
612 2193 827 2275 impresseris·
843 2191 995 2256 instantis
1014 2210 1130 2279 preces
1151 2208 1213 2253 ve·

140 2315 212 2367 tant
230 2318 264 2369 et
283 2312 404 2373 arctius
427 2311 663 2394 circumscripti
682 2307 779 2371 huius
800 2304 931 2390 opellae
953 2305 1096 2388 limites,
1116 2284 1212 2371 cuius

138 2422 301 2504 praelatio
322 2447 364 2491 ne
385 2429 421 2492 in
441 2425 562 2493 molem
581 2425 660 2491 libri
680 2436 871 2505 excrescat,
895 2427 994 2490 timor
1014 2425 1111 2491 modo
1131 2422 1211 2489 sub·

140 2543 295 2604 nascitur.

228 2653 393 2723 Constitui
430 2662 560 2746 quidem
589 2665 675 2749 apud
701 2682 772 2736 me,
792 2658 868 2742 plus
888 2663 949 2722 otii
969 2659 1217 2741 exoptatissimi

141 2774 300 2859 siquando
325 2795 518 2842 concessum
546 2780 627 2843 mibi
650 2779 797 2863 meisque
820 2773 938 2835 studiis
963 2773 1092 2852 fuerit,
1112 2769 1215 2835 saco.

140 2898 223 2955 riam
258 2899 389 2958 critices
398 2894 428 2978 e)
465 2900 655 2980 ecrtpiorcm
691 2893 898 2957 classicorum
925 2890 1080 2975 persequi
1110 2899 1145 2952 et
1176 2890 1214 2955 iu

140 3005 247 3074 libro:
285 3009 509 3090 „bibliothece
544 3015 689 3077 ονιιίειιιι
724 3010 1014 3073 commentationes
1038 3007 1116 3073 illas
1145 3010 1214 3074 iam

142 3125 299 3213 semelii)
331 3133 511 3213 promissas
539 3152 605 3194 non
634 3129 741 3192 solum
765 3127 805 3191 de
834 3149 895 3190 usu
919 3141 953 3192 et
973 3131 1080 3212 pretio
1113 3127 1213 3191 Codi-

141 3263 214 3305 cum
243 3243 345 3326 Mss.‚
371 3248 549 3310 sedetiam
575 3247 756 3310 editionum
776 3245 901 3310 saeculi
924 3246 1003 3312 XV.
1025 3246 1061 3307 in
1087 3249 1211 3309 cousti-

141 3351 271 3422 tueudis
286 3360 482 3429 lectionibus
503 3375 653 3432 veterum
679 3366 874 3454 scriptorum
892 3363 1068 3453 deponere,
1091 3372 1128 3428 ab
1150 3385 1211 3450 ge·

140 3556 349 3570 Ἠ

178 3656 190 3677 ’
217 3679 245 3749 *)
265 3683 333 3736 Nam
350 3679 408 3749 quis
425 3682 526 3750 estqui
542 3682 641 3736 nesciat
653 3680 777 3735 arctiores
794 3680 854 3735 huic
871 3682 918 3736 arti
938 3681 1044 3743 ‚limites
1061 3704 1128 3741 nune
1146 3705 1210 3743 oon·

133 3761 232 3833 ‘stitui‚
251 3778 328 3836 quam
345 3766 382 3824 lo,
400 3765 516 3820 Clericus
535 3773 563 3820 et
589 3766 637 3820 Cb.
655 3767 723 3833 Aug.
741 3767 908 3821 Heumannus
933 3768 1046 3824 indolem
1069 3778 1095 3827 et
1117 3772 1210 3826 faciem

142 3851 198 3904 eius
217 3853 401 3916 extenderunt,
415 3856 492 3918 atque
511 3868 527 3903 a
544 3853 611 3904 Dan.
629 3850 751 3917 Heinsio,
769 3851 852 3907 Henr.
870 3855 992 3922 valesio,
1014 3855 1094 3923 Gesp.
1117 3857 1212 3924 Sciop-

140 3936 202 4002 pio,
228 3941 265 3987 lo.
283 3936 345 3986 Em.
366 3939 471 3986 human.
490 3936 620 4003 Welohio,
655 3936 766 3989 Morel'm
791 3935 885 3991 abbate
910 3939 1019 4006 aliisque
1037 3944 1076 3991 tot
1094 3944 1121 3993 et
1139 3947 1210 3993 tants

144 4035 202 4071 esse
222 4021 328 4080 relicto,
366 4035 414 4074 nec
438 4036 490 4071 non
508 4020 548 4073 bis
563 4020 657 4073 nostris
674 4021 765 4073 diebus
784 4020 921 4075 hincinde
937 4038 1039 4090 sparsos
1057 4029 1156 4078 tautum
1173 4024 1215 4077 in-

142 4103 227 4158 veniri
244 4105 363 4157 litorum
381 4105 513 4160 doctorum
531 4106 564 4158 de
580 4105 629 4157 bae
646 4120 675 4157 re
693 4098 827 4172 opiniones
848 4112 875 4159 et
890 4106 1027 4159 dochinus.
1048 4134 1084 4148 -

209 4184 253 4255 **)
276 4189 344 4243 Vide
363 4190 453 4244 acted.
481 4190 880 4258 fsb·Pbtl.tusdedcq.1830.
898 4191 930 4246 V.
951 4194 994 4245 12.
1014 4209 1041 4262 p.
1050 4191 1109 4246 450.
1127 4196 1216 4253 noti,
